1976 3401
389 270 595 317 terrasque
626 265 785 303 serenat
815 259 844 300 Ι.
869 263 968 306 255ς
1000 257 1107 298 vitae
1139 254 1330 308 necisque
1361 252 1552 294 dominus
1583 256 1646 294 est
1670 252 1856 294 morbos-

387 362 465 400 que
498 344 738 386 mortalibus
770 342 897 382 mittit
920 339 1007 381 XII.
1031 342 1110 380 851
1147 336 1319 378 fulmine
1350 334 1482 376 sancit
1507 333 1685 386 foedera,
1716 337 1858 376 tuetur

388 429 570 481 hospites
601 431 723 480 atque
755 423 978 478 hospitium
1014 422 1043 463 I.
1078 425 1178 468 ‘731;
1210 417 1300 461 XII.
1334 421 1431 459 200.

505 509 588 549 Rex
633 512 694 548 ost
724 506 917 560 ¹luppiter
960 505 1001 545 in
1044 504 1212 544 deorum
1257 499 1427 542 consilio
1466 498 1577 552 quod
1607 498 1785 540 considit
1814 498 1858 540 in

385 591 468 631 alto
491 590 677 644 Olympo.
731 588 952 629 Intranteni
984 586 1166 627 salutant
1197 584 1315 637 eique
1337 581 1504 623 obviam
1525 584 1625 622 eunt
1652 580 1858 622 di.omnes

384 673 572 724 deaeque.
634 670 814 711 Concilio
855 670 970 710 finito
1008 682 1148 709 omnes
1191 665 1408 708 caelicolae
1453 677 1548 705 eum
1585 662 1769 704 medium
1805 662 1858 704 ad

384 753 525 794 limina
556 753 718 797 ducunt.
781 751 841 792 Eo
875 754 1084 805 praesente
1116 763 1213 790 voce
1245 748 1372 797 clara,
1404 760 1557 802 magna
1586 744 1702 800 loqui
1733 745 1858 787 audet

384 850 513 883 nemo,
543 834 696 874 susurri
731 834 851 874 modo
886 832 1099 886 pervalant
1133 831 1301 872 deornm
1330 829 1503 878 ordines,
1534 826 1623 869 sola
1643 841 1858 869 murmura

382 931 497 956 caeca
541 916 773 956 audiuntur.
835 914 974 956 Verba
1017 916 1151 955 facere
1195 913 1329 966 coepit
1367 915 1408 953 et
1439 911 1585 952 domus
1616 909 1702 951 alta
1732 909 1856 951 deum

381 998 543 1045 silescit,
573 998 666 1038 silet
697 997 849 1038 arduus
881 996 1032 1045 aether,
1064 995 1232 1049 zephyri
1263 997 1484 1048 ponuntur,
1516 992 1737 1047 Neptunus
1768 992 1856 1046 ipse

381 1079 538 1120 tumida
568 1093 745 1132 aequora
777 1082 979 1132 temperat
1010 1078 1191 1131 rotisque
1223 1077 1383 1117 levibus
1414 1089 1596 1117 summas
1627 1074 1857 1129 perlabitur

381 1161 518 1201 undas.
569 1161 639 1201 Sin
672 1164 809 1201 autem
842 1159 984 1200 adnuit
1017 1159 1264 1201 coelestibus
1291 1159 1482 1200 tellurem
1503 1157 1592 1199 solo
1613 1157 1857 1208 tremefacit,

379 1242 569 1283 intonunt
607 1243 690 1296 poli
729 1246 768 1283 et
805 1242 1037 1283 concutitur
1074 1241 1240 1282 sedibus
1278 1241 1363 1282 suis
1395 1241 1619 1282 altitonans
1651 1238 1855 1294 Olympus

379 1323 426 1364 X.
463 1328 540 1365 100
574 1340 660 1378 sqq.

495 1406 613 1446 Haud
657 1407 741 1447 scio
784 1422 836 1447 an
874 1406 1079 1447 Homerus
1111 1406 1257 1447 ‚Iovem
1301 1406 1429 1447 talem
1472 1408 1683 1460 potentem
1727 1408 1854 1459 atque

377 1492 598 1539 augustum
631 1489 793 1542 qualem
827 1488 1037 1543 Vergilius
1069 1490 1244 1530 finxerit.

490 1570 712 1624 Juppiter
755 1583 846 1613 una
877 1583 980 1613 eum
1024 1571 1138 1614 fato.
1201 1571 1261 1612 Re
1294 1586 1389 1612 vera
1419 1570 1593 1612 subiecti
1624 1573 1721 1611 sunt
1752 1568 1849 1610 Jovi

375 1666 512 1691 onmes
544 1655 585 1692 et
616 1652 800 1692 homines
833 1656 873 1693 et
903 1652 966 1693 dei
999 1656 1039 1693 et
1065 1654 1199 1693 fatum
1221 1652 1330 1707 quod
1353 1653 1545 1693 omnibus
1566 1653 1690 1693 rebus
1711 1651 1848 1692 humi-

374 1732 453 1772 lius
496 1749 540 1773 ac
573 1732 689 1774 Jovis
733 1734 935 1774 infirmius
971 1735 1057 1775 sinc
1096 1734 1181 1775 ullo
1219 1735 1344 1776 dubio
1376 1735 1417 1775 in
1450 1734 1658 1789 Olympici
1689 1733 1847 1776 dicione

374 1818 444 1855 ost.
497 1815 621 1855 Cuius
653 1819 943 1869 argumentum
976 1816 1060 1858 sint
1090 1816 1131 1857 in
1164 1816 1255 1857 aliis
1277 1816 1327 1858 X.
1352 1822 1452 1865 100;
1484 1816 1532 1857 Χ.
1559 1821 1609 1858 18
1634 1831 1716 1871 quo
1738 1816 1847 1870 patri

373 1897 642 1950 omnipotenti
692 1898 823 1951 prima
873 1902 996 1952 atque
1039 1902 1205 1940 aeterna
1254 1903 1436 1953 potestas
1478 1899 1664 1940 omnium
1707 1913 1843 1940 rerum

374 1978 476 2018 inest
510 1978 596 2019 Xll.
631 1984 711 2019 529
757 1995 838 2033 quo
869 1980 1063 2034 Juppiter
1101 1981 1334 2035 appellatur
1371 1982 1588 2022 hominum
1625 1995 1846 2036 rerumque

374 2065 556 2112 repertor
599 2062 667 2114 qui
701 2061 770 2102 Ill.
806 2066 886 2102 375
934 2063 1180 2104 mortalibus
1224 2063 1311 2105 fata
1348 2064 1530 2105 sortitur.
1593 2062 1674 2112 Qui
1705 2067 1844 2105 autem

373 2140 446 2181 loci
482 2146 639 2195 praeter
671 2159 715 2182 en
754 2146 997 2185 confirmant
1033 2148 1157 2199 atque
1195 2145 1388 2187 evincunt
1420 2145 1584 2201 Vergili
1615 2160 1719 2200 opus
1750 2160 1844 2188 cum

372 2222 538 2263 Homeri
572 2228 721 2265 temere
753 2227 978 2279 (comparari
1012 2241 1091 2268 non
1123 2242 1254 2281 posse,
1285 2243 1390 2271 cum,
1411 2228 1453 2268 ni
1480 2228 1675 2283 ,luppiter
1705 2243 1844 2270 rerum

372 2305 551 2345 onmium
586 2310 767 2359 repertor
799 2307 838 2347 ni
872 2309 942 2361 qui
974 2309 1060 2349 fata
1086 2310 1259 2350 sortitur
1279 2310 1388 2364 apud
1410 2310 1639 2352 Homerum
1660 2311 1842 2352 invenia-

371 2390 438 2426 tur
488 2402 744 2441 nequaquam
789 2389 1021 2443 Vergilium
1072 2392 1148 2432 fati
1192 2392 1419 2433 doctrinam
1463 2392 1662 2448 <Iovisque
1704 2396 1841 2448 potes-

370 2470 494 2508 tatem
527 2473 649 2522 atqile
682 2471 898 2524 imperium
931 2487 980 2512 cx
1014 2472 1196 2514 Homero
1229 2474 1413 2516 hausisse
1445 2475 1523 2517 dici
1555 2479 1703 2530 potest.

485 2551 561 2590 sed
607 2556 859 2594 revertamur
902 2554 950 2594 ad
990 2570 1076 2595 rem
1109 2559 1149 2596 ut
1178 2560 1408 2610 spectemus
1439 2558 1572 2611 primo
1604 2558 1718 2600 locos
1748 2558 1839 2613 qui-

372 2630 445 2669 }›ns
488 2631 601 2671 Jovis
650 2634 832 2686 potentia
881 2651 904 2676 a
947 2636 1022 2677 fati
1066 2637 1105 2677 vi
1148 2638 1332 2679 seiuncta
1375 2654 1447 2693 per
1489 2654 1531 2681 se
1575 2640 1731 2682 nullius
1774 2640 1840 2682 vel

369 2712 601 2753 :ulinnn-nto
634 2715 696 2755 vol
729 2717 972 2759 auctoritate
1004 2719 1206 2760 dominari
1238 2720 1437 2762 videatur.

489 2794 534 2834 Y.
569 2801 665 2836 784:
700 2812 770 2836 nm·
801 2798 917 2839 ‚lovis
949 2800 1119 2853 imperio
1152 2801 1330 2855 fatisque
1362 2802 1538 2844 infracta
1570 2804 1755 2858 quiescit.
