1976 3401
741 302 1003 324 ..Ο-

340 400 398 441 At
430 414 512 441 non
543 400 730 441 tardatus
762 415 859 442 casu
890 415 1024 456 neque
1055 402 1226 443 territus
1257 402 1377 444 heros

340 482 473 523 acrior
505 482 555 523 ad
588 498 771 538 pugnam
805 483 922 525 redit.

129 568 170 606 et
199 564 308 606 idem
340 567 464 619 atque
496 565 626 615 ruina,
658 565 863 606 excidium
894 565 945 607 Π.
980 570 1082 608 507:

370 647 484 688 urbis
517 647 578 689 uti
610 651 752 701 captae
785 663 925 689 casum
957 649 1235 704 convolsaque
1268 649 1372 691 vidit

369 729 513 771 limina
544 733 759 772 tectorum.

128 826 204 867 pro
236 826 318 866 quo
351 811 401 854 V.
437 816 519 855 190
551 827 640 854 sors
671 813 876 855 scribitur.

246 894 311 936 Ex
343 895 542 950 ambiguo
573 899 710 937 autem
745 899 842 937 sunt
874 895 955 937 loci
987 900 1033 938 ut
1065 895 1094 938 I.
1130 901 1231 938 623:

341 981 529 1032 tempora
559 977 642 1019 iam
676 993 725 1019 ex
756 978 829 1020 illo
861 993 978 1020 casus
1009 979 1114 1020 mihi
1145 981 1336 1036 cognitus
1368 980 1463 1021 urbi

343 1060 556 1102 Troianae.
590 1064 631 1101 et
662 1060 713 1101 V.
748 1065 848 1102 350:

341 1157 406 1183 me
437 1142 560 1184 liceat
591 1157 709 1185 casus
740 1144 926 1185 misereri
956 1144 1132 1186 insontis
1164 1144 1296 1188 amici.

247 1224 326 1266 Illo
369 1225 459 1266 loco
491 1228 694 1267 vertatur:
738 1226 821 1267 iam
859 1241 908 1268 ex
946 1226 1018 1268 illo
1056 1230 1244 1281 tempore
1283 1227 1476 1283 cognitus
1513 1228 1616 1269 mihi

130 1307 335 1348 excidium
366 1307 481 1348 urbis
514 1307 716 1349 Troianae
748 1308 833 1349 sive
866 1323 972 1358 sors;
1004 1309 1172 1350 fortuna
1206 1310 1338 1359 urbis,
1370 1310 1449 1352 hoc
1477 1315 1615 1353 autem

129 1390 221 1431 1000
264 1404 329 1431 me
372 1389 496 1431 liceat
538 1390 723 1432 misereri
760 1391 924 1445 lapsum
962 1392 1048 1433 sive
1085 1395 1241 1433 sortem
1278 1392 1453 1434 insontis
1485 1393 1615 1434 amici.

130 1471 518 1526 Interpretationem
551 1476 690 1514 autem
723 1488 828 1527 quae
858 1488 964 1527 pura
996 1477 1037 1515 et
1075 1474 1290 1515 emendata
1321 1475 1376 1516 sit
1406 1475 1449 1516 in
1482 1476 1616 1517 medio

129 1555 330 1609 relinquo.

152 1680 157 1683 Α
248 1637 438 1680 Addendi
469 1641 566 1687 sunt
596 1637 674 1679 loci
709 1638 861 1693 quibus
894 1653 1011 1680 casus
1043 1640 1209 1681 notione
1241 1640 1353 1691 facti,
1385 1641 1443 1682 rei
1464 1644 1618 1697 gestae,

130 1724 302 1761 eventus
334 1720 558 1770 adhibstur,
590 1723 637 1761 ut
668 1720 720 1762 II.
755 1725 854 1763 105:

342 1806 432 1844 tum
465 1818 560 1844 vero
593 1803 785 1845 ardemus
816 1804 954 1846 scitari
988 1808 1029 1846 et
1060 1820 1256 1860 quaerere
1289 1820 1417 1847 casus.

130 1885 258 1926 simili
289 1886 411 1927 modo
444 1884 515 1927 HI.
550 1891 652 1935 299;
683 1885 796 1928 VIII.
831 1892 931 1936 533;
963 1887 1034 1929 IX.
1069 1892 1164 1929 299.

251 1968 426 2010 Restant
456 1969 519 2009 illi
550 1969 580 2010 Ι.
615 1974 718 2013 221;
749 1968 779 2011 Ι.
814 1974 914 2018 614;
947 1969 998 2011 ΙΙ.
1023 1975 1095 2021 93;
1126 1970 1176 2012 Il.
1202 1976 1284 2013 563
1319 1972 1470 2026 quibus
1503 1987 1620 2013 casus

132 2050 242 2091 idem
275 2051 385 2092 valet
423 2054 548 2105 atque
585 2066 673 2093 sors
711 2056 752 2093 et
782 2051 813 2094 1.
848 2056 950 2102 6153
993 2052 1065 2094 HI.
1099 2057 1201 2102 317;
1232 2033 1317 2095 ¹VI.
1352 2059 1431 2096 531
1469 2055 1620 2109 quibus

133 2133 211 2174 fati
243 2148 408 2174 sensum
440 2133 577 2175 habet.
630 2133 756 2175 Casus
788 2135 971 2177 eiusdem
1003 2135 1143 2190 stirpis
1171 2151 1254 2190 qua
1276 2137 1418 2179 cadere
1440 2137 1619 2192 plerum-

133 2230 214 2270 que
235 2231 322 2257 rem
343 2231 427 2257 non
447 2217 731 2267 necessariam,
762 2218 1047 2269 adventiciam,
1079 2218 1243 2270 fortem,
1270 2220 1483 2262 fortunam
1505 2224 1622 2262 notat

135 2302 181 2339 ut
212 2298 255 2339 in
287 2299 378 2340 aliis
410 2300 602 2355 cognosci
633 2304 771 2355 potest
803 2316 852 2342 ex
884 2300 954 2342 IX.
989 2306 1089 2343 211:

347 2381 381 2422 si
414 2382 506 2435 quis
537 2383 579 2423 in
612 2383 830 2425 adversum
861 2384 996 2439 rapiat
1027 2400 1195 2428 casusve
1228 2386 1389 2437 deusve,

347 2468 387 2506 te
418 2479 632 2518 superesse
665 2466 800 2508 velim.

141 2550 183 2587 eh
213 2545 304 2588 XII.
338 2552 439 2589 321:

226 2628 428 2671 incertum
461 2630 553 2684 quis
585 2634 744 2672 tantam
777 2631 946 2673 Rutulis
977 2632 1154 2683 laudem,
1186 2648 1356 2675 casusve
1389 2634 1539 2675 deusve

227 2712 414 2754 attulerit

139 2794 292 2848 quibus
322 2795 424 2837 locis
455 2811 573 2838 caeco
606 2812 702 2839 casu
735 2799 961 2853 opponitur
992 2799 1163 2841 deorum
1195 2815 1360 2841 numen.

257 2877 482 2922 Fortuna.
544 2879 729 2922 Fortuna
772 2882 882 2936 apud
920 2881 1157 2937 Vergilium
1202 2882 1422 2937 dupliciter
1466 2882 1626 2925 dicitur.

140 2964 188 3005 ut
220 2962 260 3000 et
291 2961 468 3002 secunda
505 2965 546 3003 et
583 2962 753 3004 adversa
786 2963 871 3005 sive
903 2964 1079 3006 inimica.
1142 2964 1329 3006 Priorem
1362 2967 1446 3006 vim
1473 2964 1626 3006 habent

212 3035 436 3069 Fabricius,
458 3038 502 3062 De
522 3038 598 3063 Jove
620 3042 647 3063 et
668 3039 738 3064 fato.
1394 3036 1414 3069 2
