1976 3401
917 187 1177 224 -5—

314 304 350 343 in
389 303 496 343 aliis:
547 301 596 343 II.
631 305 730 344 385:
774 299 844 340 IV.
881 303 980 349 109;
1023 298 1114 340 VII.
1149 303 1250 346 243;
1294 296 1386 339 VH.
1420 302 1522 347 413;
1566 296 1678 339 VIII.
1713 300 1782 345 15;

313 384 422 426 VIII.
447 389 547 426 334:
578 382 646 424 IX.
670 386 770 424 240:
803 380 871 421 IX.
897 385 997 427 7233
1028 380 1076 421 X.
1102 384 1174 427 43;
1206 379 1254 421 X.
1280 383 1380 427 112;
1411 378 1460 421 X.
1485 382 1588 428 284;
1608 379 1658 421 X.
1682 383 1784 426 4223

312 464 377 506 XI.
414 469 511 508 180:
557 464 624 504 xl.
660 467 759 506 413:
803 461 872 504 XI.
906 466 1007 505 427:
1051 460 1142 502 XII.
1177 465 1272 502 436.
1314 460 1584 515 posteriorem
1615 460 1649 502 Ι.
1683 464 1785 508 24ος

309 546 337 588 Ι.
372 551 471 588 628ε
505 545 553 587 V.
588 550 688 591 3563
721 543 769 584 V.
805 548 905 591 604;
937 542 987 584 V.
1023 546 1124 590 710;
1157 540 1228 583 VI.
1262 545 1335 589 62;
1368 540 1439 582 VI.
1472 545 1545 591 95;
1577 541 1648 584 VI.
1683 546 1784 590 533;

311 628 376 669 lx.
401 633 472 670 41:
505 627 554 667 X.
578 631 680 669 435:
714 625 780 666 XI.
808 630 901 667 108.
954 624 1060 666 Aliis
1092 627 1230 665 autem
1262 623 1364 665 locis
1396 623 1564 665 fortuna
1591 624 1786 680 congruit

308 710 456 763 partim
489 724 580 749 cum
614 708 736 748 sortis
769 710 815 748 ut
846 705 915 747 III.
941 710 1042 755 615;
1073 704 1146 747 IV.
1170 709 1252 747 603
1286 719 1361 759 pro
1393 719 1475 759 quo
1506 719 1649 748 revera
1679 706 1783 762 legi-

309 806 397 832 mus
428 806 514 831 sors
546 791 587 830 in
619 788 709 830 XII.
745 795 814 830 54:

586 875 627 912 at
658 871 812 926 regina,
843 884 951 911 nova
981 883 1146 925 pugnae
1177 869 1400 910 conterrita
1430 872 1552 919 sorte,

586 953 712 994 flebat

307 1037 454 1091 purtim
488 1051 580 1077 cum
613 1035 689 1077 fati
722 1038 768 1076 ut
799 1034 848 1076 X.
882 1038 935 1076 49
969 1037 1010 1076 et
1040 1033 1132 1075 XII.
1167 1038 1268 1075 677:

474 1122 514 1159 et
545 1132 830 1172 quamcunque
862 1117 970 1158 viam
1004 1116 1161 1158 dederit
1190 1116 1370 1167 fortuna,
1401 1131 1622 1171 sequamur

305 1215 376 1254 pro
408 1200 558 1254 quibus
588 1199 781 1240 scribitur
812 1198 863 1239 V.
899 1203 979 1240 709
1013 1202 1054 1240 et
1084 1197 1155 1240 ΙΙΙ.
1191 1204 1231 1240 7:

554 1316 561 1323 .
594 1315 601 1322 .
635 1295 715 1335 quo
747 1281 834 1322 fato
866 1280 1038 1322 trahunt
1068 1280 1368 1336 retrahuntque
1399 1295 1622 1336 sequamur

419 1364 619 1405 Omnibus
662 1363 753 1404 aliis
795 1363 896 1404 locis
933 1363 1005 1417 qui
1042 1366 1200 1405 restant
1236 1363 1405 1404 fortuna
1443 1363 1614 1405 eandem
1651 1363 1779 1420 signi-

304 1446 531 1487 ficationem
569 1445 695 1487 habet
732 1460 836 1499 quae
869 1444 1022 1487 Parcae
1054 1449 1127 1487 aut
1158 1460 1286 1487 casus.
1348 1445 1646 1488 Delectationis
1677 1460 1778 1501 quo-

302 1543 380 1582 que
394 1528 514 1582 plena
534 1531 596 1569 est
614 1527 910 1570 sententiarum
930 1527 1204 1569 conformatio
1224 1527 1494 1570 audacissima
1512 1528 1555 1569 in
1570 1527 1662 1570 XII.
1678 1533 1778 1571 919:

581 1610 788 1652 cunctanti
820 1609 950 1651 telum
985 1610 1143 1651 Aeneas
1174 1610 1300 1652 fatale
1333 1613 1531 1661 coruscat,

579 1692 749 1734 sortitus
780 1692 989 1734 fortunam
1023 1693 1165 1743 oculis,
1197 1696 1238 1734 et
1268 1707 1438 1747 corpore
1470 1696 1559 1735 toto

579 1775 737 1816 eminus
768 1774 989 1829 intorquet.

299 1857 322 1897 i.
344 1872 376 1898 e.
401 1857 558 1898 Aeneas
589 1860 727 1898 autem
759 1856 888 1898 oculis
919 1871 1084 1898 mensus
1112 1856 1391 1908 intervallum,
1422 1857 1533 1912 quod
1554 1856 1674 1900 Jovis
1700 1873 1776 1900 nu-

300 1938 406 1979 mine
444 1939 606 1980 finitum
644 1942 732 1981 erat
763 1939 904 1980 Turno
941 1939 993 1980 ad
1030 1939 1305 1994 recipiendam
1337 1940 1506 1996 plagam
1538 1944 1777 1992 extremam,

298 2009 485 2062 coruscat
515 2021 643 2063 telum
677 2021 937 2063 mortiferum
970 2024 1044 2063 etc.

297 2102 382 2144 fors
420 2103 587 2145 eandem
626 2103 804 2145 radicem
841 2103 999 2145 habens
1030 2118 1153 2158 quam
1187 2103 1358 2145 fortuna.
1387 2104 1596 2146 invenitur
1627 2103 1678 2146 II.
1703 2109 1776 2155 94;

296 2184 386 2227 XII.
420 2189 469 2226 41
506 2189 547 2226 et
578 2185 626 2226 X.
660 2189 762 2233 458;
794 2184 884 2226 XII.
920 2189 1000 2227 714
1035 2185 1186 2240 quibus
1217 2185 1318 2227 locis
1349 2187 1648 2240 posterioribus
1679 2201 1774 2229 con-

296 2266 409 2321 gruit
440 2267 527 2321 ipse
559 2282 651 2308 cum
683 2268 849 2308 fortuna
880 2268 1069 2309 secunda.

414 2348 599 2390 Fortuna
641 2349 682 2390 in
726 2349 942 2391 hominum
986 2364 1112 2391 manu
1149 2353 1229 2397 est.
1271 2349 1440 2392 fortuna
1475 2350 1580 2392 mihi
1611 2351 1774 2393 videtur

296 2431 412 2485 quasi
445 2431 610 2472 mobilis
648 2435 689 2472 et
725 2431 938 2473 mutabilis
970 2432 1174 2473 contraria
1205 2432 1292 2474 fato
1324 2432 1436 2487 quod
1467 2435 1530 2474 est
1560 2433 1773 2475 immobile

294 2516 335 2553 ct
378 2513 645 2555 immutabile.
708 2512 852 2567 Neque
889 2513 1002 2554 aliud
1040 2513 1118 2554 nisi
1149 2513 1221 2555 illo
1253 2514 1377 2556 modo
1408 2513 1604 2569 explicari
1636 2518 1774 2570 potest

295 2594 393 2634 illud
418 2594 487 2636 VI.
513 2599 593 2636 683
628 2609 709 2648 quo
741 2598 858 2649 pater
879 2594 1080 2637 Anchises
1110 2595 1152 2636 in
1183 2596 1367 2637 amoenis
1398 2595 1562 2638 virectis
1584 2597 1771 2639 fortuna-

294 2680 428 2716 torum
494 2691 706 2717 nemorum
770 2677 1009 2718 recensebat
1070 2676 1239 2731 fataque
1302 2678 1573 2733 fortunasque
1636 2679 1771 2720 virum

295 2771 507 2811 moresque
536 2772 761 2812 manusque
784 2758 807 2799 i.
829 2773 860 2799 e.
887 2758 1043 2800 Aeneas
1066 2759 1302 2800 recensebat
1323 2759 1523 2811 fortunas,
1554 2775 1657 2816 quas
1677 2775 1767 2815 per-

295 2841 397 2879 ferre
431 2843 502 2880 aut
533 2841 713 2893 effugere
744 2840 785 2880 in
818 2844 1014 2894 nepotum
1047 2855 1173 2882 manu
1205 2844 1266 2882 est
1298 2845 1339 2883 et
1370 2842 1458 2884 fata
1490 2857 1594 2897 quae
1616 2843 1770 2884 mutari
