1976 3401
741 153 1034 191 —13-

141 267 244 308 lium
288 266 440 323 exigua
482 270 579 308 sunt
616 282 662 309 ac
699 267 856 309 leviora
887 266 1128 309 Homericis.
1191 267 1235 309 Si
1272 282 1378 322 quae
1410 268 1631 324 diligenter

142 349 447 391 consideramus
468 350 716 391 removenda
742 353 839 391 sunt
860 353 1072 404 praeterea
1093 364 1175 391 non
1197 365 1342 405 pauca,
1373 354 1420 391 ut
1442 365 1631 406 magnus,

142 446 236 473 cum
266 431 309 472 in
341 431 433 473 aliis
465 436 506 473 et
537 432 690 486 Apollo
722 431 792 474 IX.
827 437 909 474 654
944 436 986 473 et
1016 430 1090 473 III.
1124 436 1196 481 12;
1228 432 1277 474 X.
1313 438 1336 473 6
1369 433 1456 487 ipse
1488 447 1630 474 omnes

142 514 207 555 dei
250 514 392 569 magni
436 515 707 569 appellentur.
769 514 866 556 Pari
903 515 1026 556 modo
1064 516 1356 570 magnanimus
1395 519 1435 557 et
1466 516 1632 571 genitor

142 597 404 651 comprobari
434 612 516 638 non
547 601 738 652 possunt,
782 597 892 651 quod
929 597 1033 638 illud
1066 598 1191 638 etiam
1223 598 1273 639 de
1305 600 1449 639 Aenea
1480 597 1631 639 dicitur

141 678 171 721 I.
196 683 279 720 260
311 679 391 720 1100
422 679 472 720 de
503 679 699 733 Neptuno
731 678 760 721 I.
788 683 881 721 155.
938 679 1031 734 Ipse
1064 680 1338 734 omnipotens,
1370 680 1481 734 quod
1514 680 1552 721 vi
1586 694 1632 721 30

141 762 444 817 significatione
487 762 627 803 omnia
669 761 751 803 alia
796 762 982 816 epitheta
1013 762 1147 803 multo
1179 763 1421 816 praecurrit,
1452 763 1633 817 pertinet

140 859 405 899 nequaquam
449 844 500 885 ad
531 844 680 885 Jovem
724 844 872 886 solum.
935 844 1132 900 Legimus
1169 845 1211 885 in
1244 845 1336 886 aliis
1368 844 1440 886 IV.
1475 849 1557 887 693
1592 848 1633 886 et

143 926 236 968 VII.
270 932 352 968 428
398 926 661 980 omnipotens
711 926 855 982 (duno)
901 925 1095 968 Saturnia
1139 927 1209 968 XI.
1245 932 1327 969 790
1373 928 1634 982 omnipotens

142 1009 298 1064 Apollo
330 1008 444 1050 VHI.
490 1015 574 1051 324
625 1011 887 1065 omnipotens
937 1010 1107 1052 fortuna
1150 1013 1192 1052 et
1234 1011 1321 1064 ipse
1372 1011 1633 1065 omnipotens

144 1092 348 1146 Olympus
379 1091 471 1134 XII.
507 1096 585 1134 791
623 1093 734 1146 quod
765 1107 840 1147 pro
873 1093 1148 1147 omnipotenti
1171 1092 1340 1147 Olympi
1370 1108 1479 1149 rege.
1532 1093 1631 1148 Epi-

142 1175 259 1216 theta
291 1177 442 1224 autem,
474 1189 578 1229 quae
610 1175 820 1229 pertinent
850 1179 892 1216 et
923 1176 974 1216 ad
1006 1175 1109 1216 alios
1141 1176 1239 1217 deos
1260 1175 1423 1230 aliaque
1451 1177 1636 1225 numina,

143 1272 306 1299 summo
339 1257 524 1298 omnium
557 1257 762 1312 deumque
795 1258 1094 1312 hominumque
1121 1259 1278 1300 leviora
1299 1262 1396 1300 sunt
1417 1274 1464 1300 ac
1485 1274 1633 1314 parum

144 1344 216 1381 aut
247 1340 354 1381 nihil
375 1340 515 1381 valent
546 1355 679 1394 neque
712 1341 823 1381 aliud
857 1341 935 1382 nisi
966 1345 1158 1382 naturam
1186 1342 1424 1397 significant
1445 1357 1550 1396 quae
1573 1346 1635 1383 est

144 1423 379 1477 promiscua
410 1427 450 1464 et
480 1437 644 1464 summo
677 1423 772 1464 Jovi
804 1426 845 1464 et
876 1423 967 1464 aliis
1000 1424 1085 1465 deis
1117 1424 1292 1478 aliisque
1323 1425 1574 1466 numinibus.

262 1506 484 1560 Juppiter
515 1505 799 1560 Olympicus.
852 1505 973 1547 Nune
1006 1510 1145 1548 autem
1176 1506 1445 1561 respiciamus
1477 1510 1635 1548 ceteros

143 1588 255 1629 locos
287 1588 438 1642 quibus
476 1588 524 1629 de
556 1587 662 1629 Jove
694 1588 900 1630 scribitur.
962 1588 1157 1643 Juppiter
1189 1593 1250 1631 est
1281 1593 1415 1643 pater,
1459 1590 1636 1646 genitor,

143 1685 215 1712 rex
247 1670 465 1712 hominum
498 1671 716 1725 deumque,
747 1674 882 1712 rector
905 1671 1004 1712 boni
1025 1672 1220 1726 malique,
1252 1673 1317 1713 cui
1338 1672 1447 1714 inest
1467 1676 1635 1714 aeterna

145 1769 191 1795 ac
222 1753 357 1808 prima
388 1756 573 1808 potestas
605 1754 791 1795 omnium
814 1769 952 1795 rerum
976 1754 1024 1795 X.
1050 1759 1145 1804 100,
1178 1755 1283 1795 nihil
1304 1755 1416 1796 aliud
1439 1759 1502 1796 est
1523 1755 1634 1810 quod

144 1837 226 1878 iam
270 1837 492 1891 implorare
537 1837 601 1878 dei
644 1840 820 1891 possunt
852 1837 901 1878 X.
937 1842 1001 1878 19.
1064 1837 1190 1878 Cuius
1234 1841 1373 1879 autem
1416 1838 1635 1892 potestatis

145 1919 383 1975 symbolum
432 1919 592 1961 fulmen
642 1923 704 1961 est
754 1920 865 1974 quod
915 1920 1040 1962 etiam
1085 1935 1167 1975 quo
1211 1924 1383 1962 utantur
1425 1921 1634 1962 interdum

145 2003 388 2044 carrissimis
419 2003 504 2044 suis
535 2003 684 2044 tribuit
711 2002 740 2044 I.
765 2008 830 2045 42.
883 2003 1075 2045 Fulmine
1097 2003 1286 2045 homines
1307 2004 1486 2059 deosque
1507 2007 1637 2046 terret

145 2085 175 2127 I.
209 2089 291 2127 229
325 2089 366 2127 et
397 2086 528 2127 iratus
559 2085 689 2127 telum
723 2089 970 2141 contorquet
1002 2087 1044 2127 in
1065 2087 1246 2128 numinis
1268 2087 1333 2128 sui
1354 2091 1396 2129 et
1415 2087 1517 2128 iussi
1538 2102 1633 2128 con—

146 2172 372 2223 temptores
403 2183 508 2223 quos
540 2169 716 2210 terribili
754 2169 843 2224 igni
881 2169 1125 2223 praecipites
1157 2170 1208 2210 ad
1238 2170 1370 2211 imum
1403 2170 1636 2220 Tartarum,

146 2252 197 2292 ad
234 2252 404 2293 umbras
441 2251 574 2308 adigit
598 2251 677 2293 -VL
713 2257 814 2301 592;
848 2251 940 2293 VII.
976 2256 1070 2294 773.
1133 2252 1255 2294 Caelo
1294 2253 1346 2294 ab
1384 2253 1469 2294 alto
1501 2253 1636 2294 clarus

146 2334 307 2376 intonet
339 2349 420 2389 qua
451 2349 494 2376 re
526 2335 743 2376 hominum
775 2335 946 2376 consilia
977 2336 1129 2389 probat
1148 2336 1282 2390 iisque
1304 2336 1635 2378 benevolentiam

147 2432 265 2458 suam
297 2418 477 2459 ostendit
498 2417 590 2459 VII.
618 2422 718 2467 141;
749 2417 800 2459 Π.
826 2423 921 2460 692.
973 2418 1102 2474 Regit
1131 2419 1370 2460 universum
1402 2422 1444 2460 et
1469 2422 1638 2472 torquet

147 2499 282 2541 sidera
312 2500 455 2541 mundi
487 2499 556 2542 IX.
582 2505 635 2543 93
669 2504 710 2542 et
741 2501 900 2542 caelum
933 2504 974 2542 et
1005 2504 1134 2542 terras
1156 2502 1324 2543 numine
1346 2516 1421 2543 suo
1443 2500 1516 2543 IV.
1541 2506 1637 2552 269,

149 2582 332 2624 condidit
364 2583 522 2625 caelum
546 2584 693 2625 umbra
715 2587 756 2625 et
776 2587 916 2625 noctes
938 2584 1106 2639 diesque
1129 2585 1259 2626 efficit
1280 2584 1352 2626 VI.
1376 2589 1471 2626 271.
1525 2584 1635 2625 Ven-

148 2669 213 2707 tos
245 2669 595 2721 tempestatesque
626 2681 796 2708 sonoras
828 2682 933 2721 quae
965 2667 1096 2709 effusa
1127 2682 1266 2709 secum
1297 2671 1429 2709 terras
1456 2667 1635 2709 caelum-

150 2763 229 2803 que
273 2748 525 2802 profundum
568 2750 674 2790 ferre
713 2750 906 2791 videntur
948 2750 1108 2804 potenti
1153 2751 1295 2792 dextra
1338 2750 1476 2791 frenat
1506 2749 1535 2791 I.
1571 2755 1638 2800 60,

149 2845 223 2871 suo
267 2831 435 2872 numine
478 2832 586 2873 fiunt
628 2832 754 2873 imbri
797 2847 845 2873 ac
882 2833 1121 2887 grandines,
1153 2833 1224 2875 IX.
1260 2838 1362 2883 670,
1395 2833 1638 2887 caelumque
