1976 3401
881 144 1170 182 —10—

409 262 602 303 Derivata
633 275 681 301 ex
713 259 798 300 fato
830 261 872 300 et
902 258 965 299 fas
996 260 1093 298 sunt
1123 256 1340 299 adiectiva:
1373 258 1516 300 fatifer
1546 261 1588 300 et
1613 257 1765 308 fatalis,

291 347 363 384 aut
405 343 535 384 fatum
581 343 715 383 ferens
757 343 830 382 aut
867 340 953 381 fato
993 339 1175 380 debitum
1208 339 1446 395 significans
1476 343 1524 382 ut
1554 339 1629 383 IV.
1663 344 1765 388 355;

292 425 340 465 V.
364 430 416 466 82
450 424 592 465 fatalia
623 439 720 465 arva
751 423 775 464 i.
798 438 831 464 e.
862 437 960 463 arva
990 422 1077 462 fato
1099 421 1238 462 debita
1259 424 1332 463 aut
1352 420 1404 463 H.
1427 426 1531 472 2373
1563 421 1654 464 XII.
1679 426 1761 464 919

291 507 428 548 fatalis
471 506 658 547 machina
700 508 742 546 et
779 504 904 545 fatale
942 503 1071 544 telum
1102 503 1127 544 i.
1160 517 1192 545 e.
1225 502 1414 544 machina
1445 503 1594 546 Troiae
1631 504 1763 546 fatum

290 589 533 643 (interitum)
578 587 711 628 ferens
755 590 795 628 et
832 585 960 627 telum
999 585 1131 627 fatum
1165 586 1373 640 (mortem)
1405 585 1541 627 ferens
1571 601 1648 641 pro
1680 600 1763 641 quo

290 669 400 711 wll.
423 675 500 711 621
529 669 668 710 fatifer
689 669 796 710 ensis
817 672 858 709 et
879 667 950 710 lx,
974 672 1052 709 631
1080 667 1221 709 fatifer
1242 682 1360 709 arcus
1380 668 1585 711 scribitur.
1629 668 1764 710 Simili

290 752 410 793 modo
431 752 630 793 adiectiva
652 754 920 805 usurpantur:
948 749 998 791 II.
1018 754 1117 798 165;
1139 748 1210 791 VI.
1226 754 1328 799 409;
1350 749 1421 792 VI.
1438 754 1538 799 5153
1553 748 1645 793 VII.
1664 754 1764 800 115;

289 833 357 876 IX.
394 838 491 882 133;
524 832 591 874 XI.
630 837 727 881 13o;
758 831 827 873 XI.
861 836 963 880 232;
994 830 1084 873 XII.
1120 836 1214 873 232.

407 916 592 958 Parcae.
646 914 876 967 Unicuique
907 914 960 954 ab
992 913 1110 954 initio
1141 914 1277 954 fatum
1305 913 1490 955 debitum
1513 917 1592 964 est;
1623 914 1765 956 confer

289 997 359 1039 Vl.
394 1001 474 1038 683
519 1011 600 1051 quo
639 1000 755 1051 pater
786 996 987 1037 Anchises
1023 996 1065 1036 in
1103 995 1270 1037 sedibus
1307 996 1438 1038 beatis
1470 997 1579 1051 apud
1610 996 1764 1039 inferos

288 1083 481 1133 nepotum
520 1080 605 1120 fata
642 1079 889 1120 recensebat.
950 1077 1026 1119 Cui
1057 1078 1144 1119 fato
1176 1078 1302 1120 homo
1334 1079 1521 1120 mortalis
1552 1079 1764 1121 subiectus

288 1165 348 1201 est
392 1176 462 1214 per
505 1164 635 1202 totam
668 1161 776 1202 viani
820 1175 1055 1214 expressam
1099 1160 1280 1216 imagine
1317 1160 1434 1217 longi
1472 1161 1533 1202 fili
1569 1162 1681 1216 quod
1712 1162 1764 1203 ad

289 1243 479 1283 ultimum
514 1258 621 1284 mors
652 1246 773 1284 secat.
835 1243 980 1296 Neque
1012 1242 1100 1284 fieri
1133 1243 1272 1297 potuit
1303 1243 1403 1297 quin
1433 1243 1653 1298 phantasia
1683 1243 1765 1285 sibi

287 1340 498 1378 personam
533 1326 751 1381 effingeret
782 1326 852 1379 qui
885 1325 964 1367 hoc
984 1325 1103 1366 filum
1124 1325 1292 1381 legebat
1312 1325 1436 1380 idque
1458 1326 1510 1367 ad
1532 1329 1762 1368 extremum

286 1408 463 1448 secabat:
499 1423 660 1461 parcam
692 1433 749 1438 ——
781 1422 863 1461 quo
897 1407 1099 1449 vocabulo
1127 1407 1343 1463 Vergilius
1373 1408 1416 1448 in
1447 1408 1650 1464 singulari
1680 1423 1762 1451 non

287 1490 416 1530 utitur
447 1489 502 1530 cf:
535 1489 564 1530 I.
599 1495 671 1538 22;
702 1489 773 1530 III.
808 1494 910 1538 379;
942 1489 992 1530 V.
1019 1494 1119 1538 798;
1150 1488 1220 1532 ΙΧ.
1249 1494 1349 1539 107;
1380 1489 1429 1531 X.
1453 1495 1556 1540 419;
1587 1491 1636 1533 X.
1661 1494 1763 1541 815;

286 1571 375 1613 XII.
411 1576 509 1620 147;
554 1571 643 1613 XII.
680 1577 773 1614 150.
834 1571 882 1613 In
920 1572 1180 1628 mythologia
1217 1576 1356 1613 autem
1394 1573 1632 1628 saepissime
1669 1588 1764 1628 pro-

286 1654 436 1707 prietas
468 1655 668 1708 quaedam
691 1654 807 1696 Jovis
838 1655 1020 1696 humana
1047 1656 1180 1709 specie
1202 1655 1422 1706 inducitur,
1453 1657 1586 1710 primo
1608 1656 1765 1710 tropice

286 1751 358 1790 per
389 1737 628 1791 imaginem,
660 1738 804 1779 deinde
837 1752 932 1779 vera
964 1752 1162 1793 germana
1193 1752 1387 1792 persona,
1419 1753 1524 1792 quae
1556 1741 1765 1793 postremo

284 1819 435 1859 animal
474 1834 545 1873 per
581 1835 623 1860 se
661 1820 818 1861 ratione
857 1820 1090 1874 praeditum
1121 1821 1206 1861 sive
1238 1820 1323 1861 vim
1355 1819 1539 1862 divinam
1570 1835 1613 1863 se
1643 1821 1764 1877 gerit.

285 1902 362 1942 (3121
395 1901 693 1957 Naegelsbach.
744 1903 1012 1945 Homerische
1044 1903 1274 1959 Theologie
1306 1905 1329 1957 ξ
1355 1907 1449 1945 101.
1484 1907 1578 1946 102.
1631 1902 1763 1953 Quam

284 1985 575 2038 proprietatem
607 1985 649 2026 in
681 1985 772 2026 aliis
803 1986 1036 2027 invenimus
1066 1986 1190 2027 etiam
1222 1986 1264 2026 in
1296 1984 1367 2027 ΠΙ.
1398 1990 1480 2027 379
1515 2000 1597 2039 quo
1629 1989 1764 2028 cetera

285 2065 361 2106 fari
397 2081 540 2119 parcae
573 2068 793 2121 prohibent
824 2069 846 2110 i.
870 2083 902 2109 e.
925 2068 1120 2122 Juppiter
1151 2068 1223 2122 qui
1255 2068 1441 2109 omnium
1473 2068 1760 2110 vaticiniorum

285 2151 427 2188 auctor
471 2152 532 2190 cst
569 2153 701 2190 cetera
739 2150 817 2190 fari
850 2150 1044 2204 prohibet
1075 2149 1145 2192 ΙΙΙ.
1182 2154 1283 2199 25ος
1327 2153 1539 2204 praeterea
1569 2150 1612 2191 in
1644 2150 1673 2192 I.
1709 2155 1761 2192 22

286 2233 326 2270 et
348 2229 396 2270 V.
422 2235 501 2272 798
535 2232 686 2285 quibus
716 2247 860 2286 parcae
883 2247 956 2287 pro
979 2232 1067 2274 fato
1089 2233 1175 2273 sive
1197 2232 1220 2273 J
1227 2232 1316 2273 ovis
1338 2233 1505 2273 numine
1528 2235 1762 2287 usurpatur.

402 2313 506 2356 Fati
539 2316 727 2358 conscii.
791 2314 882 2355 Fati
915 2315 1023 2369 apud
1057 2314 1290 2370 Vergilium
1323 2314 1474 2355 conscii
1505 2318 1618 2356 sunt:

405 2399 439 2435 1.
483 2399 596 2437 vates
642 2400 688 2437 ut
726 2397 940 2450 Deiphobe
973 2397 1118 2438 Glauci
1162 2412 1267 2451 quae
1307 2395 1377 2438 III.
1413 2402 1494 2438 443
1539 2411 1641 2451 rupe
1684 2397 1762 2439 sub

285 2475 366 2516 ima
406 2479 489 2518 fata
526 2479 635 2519 canit
673 2482 712 2519 vt
746 2479 814 2520 VI.
849 2484 900 2520 66
942 2480 1122 2533 praescia
1154 2480 1316 2521 venturi
1348 2482 1418 2521 est.
1452 2480 1502 2520 cf.
1534 2480 1659 2521 etiam
1690 2478 1761 2523 VI.

288 2562 350 2599 1⁴).
385 2564 436 2600 83
469 2575 556 2614 sqq.
590 2560 658 2601 III.
693 2566 745 2602 94
779 2577 864 2615 sqq.
898 2577 980 2615 quo
1012 2562 1172 2603 Aeneas
1204 2562 1384 2616 primum
1415 2562 1531 2602 audit

495 2677 501 2683 .
537 2677 543 2683 .
578 2677 584 2683 .
619 2678 625 2684 .
659 2659 763 2698 quae
796 2659 869 2684 vos
900 2660 922 2684 a
954 2644 1082 2699 stirpe
1114 2647 1329 2699 parentum

497 2725 627 2778 prima
659 2726 756 2767 tulit
789 2726 922 2775 tellus,
954 2726 1094 2768 eadem
1129 2741 1201 2767 vos
1234 2727 1358 2768 ubere
1390 2726 1498 2768 laeto

494 2807 666 2860 accipiet
698 2808 874 2850 reduces.
907 2809 1119 2862 antiquam
1153 2809 1354 2862 exquirite
1388 2812 1572 2851 matrem.
