1976 3401
298 270 382 312 IX.
405 269 473 312 94.
524 269 559 311 O
593 271 782 326 genetrix
804 286 886 326 quo
914 272 1001 314 fata
1022 276 1171 315 vocas?
1207 278 1279 316 aut
1299 276 1398 329 quid
1419 276 1526 331 petis
1546 277 1664 318 istis?

522 352 741 395 mortaline
773 369 898 396 manu
930 355 1063 397 factae
1093 356 1329 399 immortale
1361 358 1522 400 carinae

521 434 585 475 fas
615 435 797 477 habeant
828 440 1044 491 certusque
1075 438 1231 480 incerta
1262 440 1445 493 pericula
1474 440 1624 482 lustret

520 517 712 558 Aeneas?
755 519 819 560 cui
850 522 969 561 tanta
1000 520 1076 561 deo
1108 522 1308 575 permissa
1337 524 1549 576 potestas?

297 598 378 648 Qui
419 599 535 641 locus
583 599 703 641 initio
747 602 972 643 sententiae
1017 602 1165 644 Jovem
1207 618 1416 645 summum
1459 605 1663 659 optimum

178 681 396 735 fatumque
427 682 470 722 in
502 682 589 723 eius
622 682 781 724 dicione
814 698 900 725 esse
931 699 1164 740 repugnare
1196 686 1369 728 videtur.
1421 686 1493 728 Sin
1524 691 1662 729 autem

177 763 410 806 accuratius
441 765 699 818 perspexeris
730 765 902 807 meliora
933 766 1079 808 disces:

300 851 335 888 1.
385 846 506 895 Quod
555 847 717 888 carinae
766 848 937 889 mortali
978 864 1102 890 manu
1145 850 1278 891 factae
1321 851 1555 893 immortale
1598 853 1662 893 fas

176 929 360 971 habeant
390 928 416 969 J
421 929 586 984 uppiter
623 930 814 979 miratur;
858 931 923 972 cui
960 934 1076 972 tanta
1113 932 1188 973 deo
1220 933 1419 986 permissa
1450 937 1663 988 potestas?

178 1011 269 1062 Quo
300 1015 477 1053 matrem
505 1016 644 1066 petere
666 1013 932 1067 permultum,
963 1014 1131 1055 minime
1153 1029 1249 1055 vero
1271 1016 1380 1069 quod
1402 1016 1517 1057 nullo
1539 1017 1662 1058 modo

176 1095 265 1137 fieri
296 1095 482 1149 potuerit
512 1095 701 1151 intellegi
733 1095 927 1150 Juppiter
957 1097 1064 1147 vult,
1097 1112 1191 1139 cum
1222 1097 1363 1152 paullo
1394 1102 1489 1152 post
1518 1113 1662 1140 revera

176 1178 352 1219 navibus
391 1178 540 1232 eripiat
571 1178 789 1220 mortalem
820 1179 998 1220 formam
1030 1183 1070 1221 et
1102 1183 1149 1221 ut
1179 1180 1322 1236 magni
1358 1180 1548 1234 aequoris
1578 1181 1661 1222 sint

175 1260 273 1302 deae
304 1261 522 1314 permittat

295 1348 331 1384 2.
364 1346 582 1397 certusque
613 1343 769 1384 incerta
799 1343 982 1397 pericula
1012 1344 1162 1386 lustret
1195 1345 1380 1385 Aeneas?

294 1425 412 1475 Quod
434 1425 629 1479 Juppiter
659 1425 777 1466 nulla
807 1426 967 1467 ratione
998 1426 1236 1480 permittere
1267 1427 1404 1480 potuit
1423 1427 1502 1467 nisi
1522 1429 1659 1468 totum

176 1508 415 1550 minutatim
447 1508 611 1549 Aeneae
654 1508 779 1549 saluti
822 1508 1076 1562 prospiceret
1118 1523 1250 1563 neque
1287 1523 1330 1550 se
1361 1508 1659 1562 cupiditatibus

177 1591 292 1632 vanis
323 1594 448 1646 atque
479 1590 672 1632 inanibus
697 1590 868 1632 Veneris
900 1594 941 1632 et
962 1590 1136 1632 Junonis
1157 1591 1415 1633 immisceret.
1466 1590 1659 1645 »Iuppiter

175 1673 499 1728 uniuscuiusque
530 1673 667 1715 fatum
698 1688 771 1727 per
802 1688 844 1714 se
876 1673 1054 1715 destinat
1084 1689 1217 1728 neque
1248 1673 1448 1715 rationem
1481 1688 1527 1714 ac
1548 1673 1657 1714 viam

175 1771 280 1811 quae
312 1756 363 1798 ad
394 1756 531 1798 fatum
552 1756 809 1810 implendum
832 1756 954 1797 ducit.
1006 1756 1232 1797 Tantulum
1252 1755 1439 1811 neglegit
1461 1758 1658 1811 regnator

174 1839 310 1894 deum,
341 1839 503 1881 caelum
534 1854 581 1880 ac
610 1842 742 1880 terras
773 1839 845 1893 qui
876 1838 1043 1880 numine
1074 1841 1252 1892 torquet,
1282 1838 1324 1879 id
1351 1837 1550 1879 ministris
1572 1838 1657 1878 suis

175 1925 216 1964 et
247 1922 333 1964 deis
364 1925 406 1964 et
436 1921 676 1963 hominibus
707 1921 904 1963 concedit.
961 1921 1028 1962 Ab
1059 1921 1125 1962 his
1156 1924 1197 1962 et
1227 1920 1310 1961 illis
1340 1920 1406 1960 via
1437 1934 1484 1961 ac
1514 1934 1657 1960 cursus

173 2019 312 2047 rerum
363 2004 581 2059 dependet,
633 2019 811 2059 quarum
859 2004 994 2045 exitus
1042 2003 1154 2044 solus
1202 2017 1226 2043 a
1268 2002 1373 2044 Jove
1416 2001 1654 2043 destinatur.

173 2087 368 2142 Juppiter
405 2087 469 2129 sin
506 2090 647 2129 autem
685 2087 839 2128 talibus
870 2086 912 2127 in
944 2087 1066 2127 rebus
1087 2085 1204 2127 vanis
1235 2089 1358 2139 atque
1389 2084 1582 2125 inanibus
1612 2098 1655 2125 se

174 2173 420 2220 contereret,
463 2169 526 2211 sin
570 2173 618 2211 ut
654 2169 817 2211 Aeneas
860 2172 995 2210 certus
1037 2168 1194 2209 incerta
1235 2166 1420 2221 pericula
1460 2166 1657 2207 lustraret

173 2253 444 2308 permitteret‚
474 2255 700 2307 tempestas
730 2267 852 2293 saeva
872 2251 1035 2292 Aeneae
1068 2265 1092 2291 a
1113 2249 1276 2291 <lunone
1307 2248 1504 2303 perniciei
1530 2248 1655 2288 missa

172 2336 333 2378 inutilis
376 2339 499 2385 esset,
542 2349 891 2390 supervacaneum
934 2336 1115 2374 matrum
1159 2347 1262 2387 quae
1305 2331 1415 2372 faces
1450 2330 1493 2371 in
1529 2344 1655 2371 naves

173 2418 394 2470 coniciunt,
424 2418 621 2472 studium⁷
652 2417 836 2473 iurgium
859 2419 899 2457 et
919 2416 1009 2457 rixa
1029 2415 1138 2456 inter
1160 2414 1365 2456 Junonem
1388 2416 1429 2454 et
1449 2411 1653 2453 Venerem

172 2501 348 2553 inutilia,
380 2515 732 2556 supervacaneum
764 2526 818 2530 ⁷-—
850 2502 985 2540 totum
1018 2497 1181 2553 Vergili
1213 2510 1387 2538 carmen.

289 2585 514 2639 ‘Iuppiter
556 2584 648 2627 fati
690 2582 945 2626 confector.
1017 2580 1107 2630 Quo
1151 2579 1261 2621 facto
1304 2582 1560 2619 transeamus
1601 2576 1652 2617 ad

171 2667 286 2708 locos
317 2666 470 2721 quibus
491 2666 687 2721 Juppiter
718 2664 905 2713 consulit,
936 2666 983 2706 ut
1013 2662 1148 2704 fatum
1179 2661 1230 2702 ad
1261 2661 1466 2709 effectum,
1496 2658 1548 2699 ad
1569 2658 1652 2698 exi-

172 2754 262 2792 tum
293 2749 542 2804 perducatur
573 2763 674 2790 neve
708 2747 792 2788 ulla
819 2746 925 2788 forte
947 2745 1032 2786 sive
1053 2744 1221 2786 fortuna
1243 2744 1461 2784 evertatur.
1514 2739 1544 2783 I.
1567 2743 1648 2781 237

171 2831 319 2874 Venus
351 2831 375 2873 J
379 2832 447 2873 ovi
458 2851 465 2872 ε
