<?xml version="1.0" encoding="UTF-8"?>
<!DOCTYPE html PUBLIC "-//W3C//DTD XHTML 1.0 Transitional//EN"
    "http://www.w3.org/TR/xhtml1/DTD/xhtml1-transitional.dtd">
<html xmlns="http://www.w3.org/1999/xhtml" xml:lang="en" lang="en">
 <head>
  <title>
</title>
<meta http-equiv="Content-Type" content="text/html;charset=utf-8" />
  <meta name='ocr-system' content='tesseract 3.04.00' />
  <meta name='ocr-capabilities' content='ocr_page ocr_carea ocr_par ocr_line ocrx_word'/>
</head>
<body>
  <div class='ocr_page' id='page_1' title='image "./dejoveetfatoinpv00fabruoft_0022.png"; bbox 0 0 1976 3401; ppageno 0'>
   <div class='ocr_carea' id='block_1_1' title="bbox 883 159 1175 196">
    <p class='ocr_par' dir='ltr' id='par_1_1' title="bbox 883 159 1175 196">
     <span class='ocr_line' id='line_1_1' title="bbox 883 159 1175 196; baseline 0.007 -12"><span class='ocrx_word' id='word_1_1' title='bbox 883 159 1175 196; x_wconf 80' lang='lat'>—18-</span> 
     </span>
    </p>
   </div>
   <div class='ocr_carea' id='block_1_2' title="bbox 289 271 1781 2721">
    <p class='ocr_par' dir='ltr' id='par_1_2' title="bbox 290 271 1772 408">
     <span class='ocr_line' id='line_1_2' title="bbox 291 271 1772 328; baseline 0.001 -15"><span class='ocrx_word' id='word_1_2' title='bbox 291 272 449 313; x_wconf 86' lang='lat' dir='ltr'>monitu</span> <span class='ocrx_word' id='word_1_3' title='bbox 484 276 566 313; x_wconf 82' lang='lat'>689</span> <span class='ocrx_word' id='word_1_4' title='bbox 599 271 828 313; x_wconf 76' lang='lat' dir='ltr'>Mezentius</span> <span class='ocrx_word' id='word_1_5' title='bbox 865 271 1012 313; x_wconf 89' lang='lat' dir='ltr'>ardeus</span> <span class='ocrx_word' id='word_1_6' title='bbox 1042 271 1224 313; x_wconf 78' lang='lat' dir='ltr'>succedit</span> <span class='ocrx_word' id='word_1_7' title='bbox 1254 286 1430 328; x_wconf 84' lang='lat' dir='ltr'>pugnae.</span> <span class='ocrx_word' id='word_1_8' title='bbox 1491 273 1772 316; x_wconf 84' lang='lat' dir='ltr'>Perlevissimi</span> 
     </span>
     <span class='ocr_line' id='line_1_3' title="bbox 290 342 1098 408; baseline 0 -13"><span class='ocrx_word' id='word_1_9' title='bbox 290 355 414 396; x_wconf 85' lang='lat' dir='ltr'>etiam</span> <span class='ocrx_word' id='word_1_10' title='bbox 447 357 544 395; x_wconf 87' lang='lat' dir='ltr'>sunt</span> <span class='ocrx_word' id='word_1_11' title='bbox 575 368 719 394; x_wconf 85' lang='lat' dir='ltr'>versus</span> <span class='ocrx_word' id='word_1_12' title='bbox 750 352 841 395; x_wconf 90' lang='lat' dir='ltr'><strong>XII.</strong></span> <span class='ocrx_word' id='word_1_13' title='bbox 877 342 957 395; x_wconf 71' lang='lat'><strong>75335</strong></span> <span class='ocrx_word' id='word_1_14' title='bbox 992 368 1098 408; x_wconf 90' lang='lat' dir='ltr'>sqq.:</span> 
     </span>
    </p>

    <p class='ocr_par' dir='ltr' id='par_1_3' title="bbox 430 435 1471 490">
     <span class='ocr_line' id='line_1_4' title="bbox 430 435 1471 490; baseline 0.001 -14"><span class='ocrx_word' id='word_1_15' title='bbox 430 436 625 490; x_wconf 85' lang='lat' dir='ltr'>Juppiter</span> <span class='ocrx_word' id='word_1_16' title='bbox 655 436 743 489; x_wconf 93' lang='lat' dir='ltr'>ipse</span> <span class='ocrx_word' id='word_1_17' title='bbox 775 435 877 477; x_wconf 90' lang='lat' dir='ltr'>duas</span> <span class='ocrx_word' id='word_1_18' title='bbox 908 439 1085 490; x_wconf 87' lang='lat' dir='ltr'>aequato</span> <span class='ocrx_word' id='word_1_19' title='bbox 1117 435 1303 477; x_wconf 84' lang='lat' dir='ltr'>examine</span> <span class='ocrx_word' id='word_1_20' title='bbox 1334 435 1471 478; x_wconf 86' lang='lat' dir='ltr'>lances</span> 
     </span>
    </p>

    <p class='ocr_par' dir='ltr' id='par_1_4' title="bbox 430 517 1403 572">
     <span class='ocr_line' id='line_1_5' title="bbox 430 517 1403 572; baseline 0 -13"><span class='ocrx_word' id='word_1_21' title='bbox 430 519 607 560; x_wconf 77' lang='lat' dir='ltr'>sustinet</span> <span class='ocrx_word' id='word_1_22' title='bbox 639 521 679 559; x_wconf 87' lang='lat' dir='ltr'>et</span> <span class='ocrx_word' id='word_1_23' title='bbox 710 518 798 559; x_wconf 88' lang='lat' dir='ltr'>fata</span> <span class='ocrx_word' id='word_1_24' title='bbox 828 518 991 572; x_wconf 89' lang='lat' dir='ltr'>inponit</span> <span class='ocrx_word' id='word_1_25' title='bbox 1022 517 1184 559; x_wconf 82' lang='lat' dir='ltr'>diversa</span> <span class='ocrx_word' id='word_1_26' title='bbox 1215 518 1403 568; x_wconf 87' lang='lat' dir='ltr'>duorum,</span> 
     </span>
    </p>

    <p class='ocr_par' dir='ltr' id='par_1_5' title="bbox 289 600 1781 2721">
     <span class='ocr_line' id='line_1_6' title="bbox 431 600 1650 656; baseline 0.002 -15"><span class='ocrx_word' id='word_1_27' title='bbox 431 615 553 655; x_wconf 88' lang='lat' dir='ltr'>quem</span> <span class='ocrx_word' id='word_1_28' title='bbox 585 601 752 642; x_wconf 85' lang='lat' dir='ltr'>damnet</span> <span class='ocrx_word' id='word_1_29' title='bbox 782 600 902 641; x_wconf 90' lang='lat' dir='ltr'>labor</span> <span class='ocrx_word' id='word_1_30' title='bbox 933 603 974 641; x_wconf 93' lang='lat' dir='ltr'>et</span> <span class='ocrx_word' id='word_1_31' title='bbox 1005 614 1088 655; x_wconf 91' lang='lat' dir='ltr'>quo</span> <span class='ocrx_word' id='word_1_32' title='bbox 1120 603 1269 656; x_wconf 88' lang='lat' dir='ltr'>vergat</span> <span class='ocrx_word' id='word_1_33' title='bbox 1298 600 1478 654; x_wconf 91' lang='lat' dir='ltr'>pondere</span> <span class='ocrx_word' id='word_1_34' title='bbox 1508 600 1650 644; x_wconf 90' lang='lat' dir='ltr'>letum.</span> 
     </span>
     <span class='ocr_line' id='line_1_7' title="bbox 290 682 1774 739; baseline 0.002 -16"><span class='ocrx_word' id='word_1_35' title='bbox 290 683 360 737; x_wconf 84' lang='lat' dir='ltr'>qui</span> <span class='ocrx_word' id='word_1_36' title='bbox 404 697 495 724; x_wconf 87' lang='lat' dir='ltr'>mea</span> <span class='ocrx_word' id='word_1_37' title='bbox 539 683 707 737; x_wconf 83' lang='lat' dir='ltr'>quidem</span> <span class='ocrx_word' id='word_1_38' title='bbox 751 683 954 724; x_wconf 89' lang='lat' dir='ltr'>sententia</span> <span class='ocrx_word' id='word_1_39' title='bbox 996 682 1189 737; x_wconf 90' lang='lat' dir='ltr'>imperito</span> <span class='ocrx_word' id='word_1_40' title='bbox 1232 682 1465 736; x_wconf 72' lang='lat' dir='ltr'>interpositi</span> <span class='ocrx_word' id='word_1_41' title='bbox 1509 687 1622 734; x_wconf 90' lang='lat' dir='ltr'>sunt,</span> <span class='ocrx_word' id='word_1_42' title='bbox 1663 685 1774 739; x_wconf 91' lang='lat' dir='ltr'>quod</span> 
     </span>
     <span class='ocr_line' id='line_1_8' title="bbox 289 765 1777 821; baseline 0.001 -15"><span class='ocrx_word' id='word_1_43' title='bbox 289 766 422 820; x_wconf 89' lang='lat' dir='ltr'>primo</span> <span class='ocrx_word' id='word_1_44' title='bbox 465 765 646 806; x_wconf 84' lang='lat' dir='ltr'>ostendit</span> <span class='ocrx_word' id='word_1_45' title='bbox 682 779 909 819; x_wconf 88' lang='lat' dir='ltr'>pronomen</span> <span class='ocrx_word' id='word_1_46' title='bbox 946 765 1015 807; x_wconf 89' lang='lat' dir='ltr'>hic</span> <span class='ocrx_word' id='word_1_47' title='bbox 1049 769 1149 815; x_wconf 85' lang='lat'>728,</span> <span class='ocrx_word' id='word_1_48' title='bbox 1192 779 1286 806; x_wconf 89' lang='lat' dir='ltr'>cum</span> <span class='ocrx_word' id='word_1_49' title='bbox 1318 765 1422 806; x_wconf 91' lang='lat' dir='ltr'>illud</span> <span class='ocrx_word' id='word_1_50' title='bbox 1453 780 1665 820; x_wconf 89' lang='lat' dir='ltr'>nunquam</span> <span class='ocrx_word' id='word_1_51' title='bbox 1702 781 1777 821; x_wconf 90' lang='lat' dir='ltr'>per</span> 
     </span>
     <span class='ocr_line' id='line_1_9' title="bbox 290 847 1774 904; baseline 0.002 -16"><span class='ocrx_word' id='word_1_52' title='bbox 290 851 487 902; x_wconf 83' lang='lat' dir='ltr'>quattuor</span> <span class='ocrx_word' id='word_1_53' title='bbox 509 862 651 889; x_wconf 82' lang='lat' dir='ltr'>versus</span> <span class='ocrx_word' id='word_1_54' title='bbox 674 862 698 888; x_wconf 86' lang='lat' dir='ltr'>a</span> <span class='ocrx_word' id='word_1_55' title='bbox 718 848 992 898; x_wconf 87' lang='lat' dir='ltr'>substantivo,</span> <span class='ocrx_word' id='word_1_56' title='bbox 1023 847 1075 889; x_wconf 90' lang='lat' dir='ltr'>ad</span> <span class='ocrx_word' id='word_1_57' title='bbox 1096 848 1208 902; x_wconf 91' lang='lat' dir='ltr'>quod</span> <span class='ocrx_word' id='word_1_58' title='bbox 1229 847 1420 902; x_wconf 83' lang='lat' dir='ltr'>pertinet,</span> <span class='ocrx_word' id='word_1_59' title='bbox 1442 848 1604 904; x_wconf 87' lang='lat' dir='ltr'>seiungi</span> <span class='ocrx_word' id='word_1_60' title='bbox 1625 853 1774 904; x_wconf 87' lang='lat' dir='ltr'>posset.</span> 
     </span>
     <span class='ocr_line' id='line_1_10' title="bbox 290 930 1776 985; baseline 0.001 -14"><span class='ocrx_word' id='word_1_61' title='bbox 290 930 510 972; x_wconf 89' lang='lat' dir='ltr'>Praeterea</span> <span class='ocrx_word' id='word_1_62' title='bbox 551 934 691 972; x_wconf 87' lang='lat' dir='ltr'>autem</span> <span class='ocrx_word' id='word_1_63' title='bbox 733 930 777 971; x_wconf 93' lang='lat' dir='ltr'>hi</span> <span class='ocrx_word' id='word_1_64' title='bbox 822 945 965 972; x_wconf 87' lang='lat' dir='ltr'>versus</span> <span class='ocrx_word' id='word_1_65' title='bbox 1007 930 1214 972; x_wconf 86' lang='lat' dir='ltr'>levissime</span> <span class='ocrx_word' id='word_1_66' title='bbox 1258 930 1464 972; x_wconf 90' lang='lat' dir='ltr'>coniuncti</span> <span class='ocrx_word' id='word_1_67' title='bbox 1508 930 1776 985; x_wconf 88' lang='lat' dir='ltr'>dispositione</span> 
     </span>
     <span class='ocr_line' id='line_1_11' title="bbox 290 1012 1774 1068; baseline 0.001 -15"><span class='ocrx_word' id='word_1_68' title='bbox 290 1017 413 1068; x_wconf 85' lang='lat' dir='ltr'>atque</span> <span class='ocrx_word' id='word_1_69' title='bbox 446 1012 737 1054; x_wconf 85' lang='lat' dir='ltr'>distributione</span> <span class='ocrx_word' id='word_1_70' title='bbox 759 1015 900 1054; x_wconf 81' lang='lat' dir='ltr'>carent</span> <span class='ocrx_word' id='word_1_71' title='bbox 921 1015 963 1054; x_wconf 92' lang='lat' dir='ltr'>et</span> <span class='ocrx_word' id='word_1_72' title='bbox 982 1012 1083 1067; x_wconf 89' lang='lat' dir='ltr'>ipse,</span> <span class='ocrx_word' id='word_1_73' title='bbox 1115 1012 1226 1067; x_wconf 93' lang='lat' dir='ltr'>quod</span> <span class='ocrx_word' id='word_1_74' title='bbox 1247 1027 1468 1063; x_wconf 87' lang='lat' dir='ltr'>summum,</span> <span class='ocrx_word' id='word_1_75' title='bbox 1500 1012 1614 1054; x_wconf 87' lang='lat' dir='ltr'>deest</span> <span class='ocrx_word' id='word_1_76' title='bbox 1634 1013 1774 1054; x_wconf 90' lang='lat' dir='ltr'>home-</span> 
     </span>
     <span class='ocr_line' id='line_1_12' title="bbox 289 1089 1776 1150; baseline 0 -14"><span class='ocrx_word' id='word_1_77' title='bbox 289 1096 437 1137; x_wconf 87' lang='lat' dir='ltr'>ricum:</span> <span class='ocrx_word' id='word_1_78' title='bbox 469 1095 574 1149; x_wconf 78' lang='grc' dir='ltr'><strong><em>ῥέπε</em></strong></span> <span class='ocrx_word' id='word_1_79' title='bbox 605 1093 816 1148; x_wconf 80' lang='grc' dir='ltr'><em>ὁάἴσιμον</em></span> <span class='ocrx_word' id='word_1_80' title='bbox 845 1089 958 1150; x_wconf 78' lang='grc' dir='ltr'><strong><em>ἦμαρ</em></strong></span> <span class='ocrx_word' id='word_1_81' title='bbox 988 1095 1185 1136; x_wconf 86' lang='lat' dir='ltr'>inclinata</span> <span class='ocrx_word' id='word_1_82' title='bbox 1205 1098 1344 1136; x_wconf 90' lang='lat' dir='ltr'>autem</span> <span class='ocrx_word' id='word_1_83' title='bbox 1368 1094 1497 1136; x_wconf 90' lang='lat' dir='ltr'>Turni</span> <span class='ocrx_word' id='word_1_84' title='bbox 1519 1095 1658 1136; x_wconf 88' lang='lat' dir='ltr'>fatalis</span> <span class='ocrx_word' id='word_1_85' title='bbox 1679 1095 1776 1146; x_wconf 91' lang='lat' dir='ltr'>dies,</span> 
     </span>
     <span class='ocr_line' id='line_1_13' title="bbox 289 1177 1776 1233; baseline -0.001 -14"><span class='ocrx_word' id='word_1_86' title='bbox 289 1179 376 1219; x_wconf 75' lang='lat' dir='ltr'>sine</span> <span class='ocrx_word' id='word_1_87' title='bbox 403 1193 486 1233; x_wconf 93' lang='lat' dir='ltr'>quo</span> <span class='ocrx_word' id='word_1_88' title='bbox 511 1192 654 1219; x_wconf 85' lang='lat' dir='ltr'>versus</span> <span class='ocrx_word' id='word_1_89' title='bbox 681 1193 807 1232; x_wconf 88' lang='lat' dir='ltr'>supra</span> <span class='ocrx_word' id='word_1_90' title='bbox 834 1177 1146 1219; x_wconf 90' lang='lat' dir='ltr'>commemorati</span> <span class='ocrx_word' id='word_1_91' title='bbox 1175 1177 1466 1231; x_wconf 87' lang='lat' dir='ltr'>comprehendi</span> <span class='ocrx_word' id='word_1_92' title='bbox 1488 1191 1571 1219; x_wconf 91' lang='lat' dir='ltr'>non</span> <span class='ocrx_word' id='word_1_93' title='bbox 1592 1181 1776 1232; x_wconf 84' lang='lat' dir='ltr'>possunt,</span> 
     </span>
     <span class='ocr_line' id='line_1_14' title="bbox 292 1259 1777 1316; baseline -0.001 -14"><span class='ocrx_word' id='word_1_94' title='bbox 292 1260 416 1302; x_wconf 79' lang='lat' dir='ltr'>Recte</span> <span class='ocrx_word' id='word_1_95' title='bbox 448 1260 623 1302; x_wconf 86' lang='lat' dir='ltr'>fortasse</span> <span class='ocrx_word' id='word_1_96' title='bbox 654 1260 892 1302; x_wconf 86' lang='lat' dir='ltr'>Macrobius</span> <span class='ocrx_word' id='word_1_97' title='bbox 914 1260 966 1302; x_wconf 90' lang='lat' dir='ltr'>V.</span> <span class='ocrx_word' id='word_1_98' title='bbox 992 1264 1044 1301; x_wconf 86' lang='lat'>13</span> <span class='ocrx_word' id='word_1_99' title='bbox 1077 1260 1150 1314; x_wconf 82' lang='lat' dir='ltr'>qui</span> <span class='ocrx_word' id='word_1_100' title='bbox 1179 1259 1419 1301; x_wconf 89' lang='lat' dir='ltr'>inferiorem</span> <span class='ocrx_word' id='word_1_101' title='bbox 1449 1259 1518 1301; x_wconf 88' lang='lat' dir='ltr'>hic</span> <span class='ocrx_word' id='word_1_102' title='bbox 1539 1259 1777 1316; x_wconf 86' lang='lat' dir='ltr'>Vergilium</span> 
     </span>
     <span class='ocr_line' id='line_1_15' title="bbox 291 1342 1777 1397; baseline -0.001 -13"><span class='ocrx_word' id='word_1_103' title='bbox 291 1343 473 1384; x_wconf 90' lang='lat' dir='ltr'>Homero</span> <span class='ocrx_word' id='word_1_104' title='bbox 506 1343 710 1394; x_wconf 88' lang='lat' dir='ltr'>observat,</span> <span class='ocrx_word' id='word_1_105' title='bbox 742 1357 791 1384; x_wconf 89' lang='lat' dir='ltr'>eo</span> <span class='ocrx_word' id='word_1_106' title='bbox 814 1343 925 1397; x_wconf 91' lang='lat' dir='ltr'>quod</span> <span class='ocrx_word' id='word_1_107' title='bbox 948 1342 1156 1384; x_wconf 89' lang='lat' dir='ltr'>Homerus</span> <span class='ocrx_word' id='word_1_108' title='bbox 1176 1342 1277 1384; x_wconf 87' lang='lat' dir='ltr'>haec</span> <span class='ocrx_word' id='word_1_109' title='bbox 1299 1343 1419 1393; x_wconf 87' lang='lat' dir='ltr'>dicat,</span> <span class='ocrx_word' id='word_1_110' title='bbox 1449 1342 1532 1383; x_wconf 90' lang='lat' dir='ltr'>iam</span> <span class='ocrx_word' id='word_1_111' title='bbox 1555 1345 1777 1397; x_wconf 85' lang='lat' dir='ltr'>antequam</span> 
     </span>
     <span class='ocr_line' id='line_1_16' title="bbox 290 1424 1777 1481; baseline -0.001 -14"><span class='ocrx_word' id='word_1_112' title='bbox 290 1429 507 1481; x_wconf 81' lang='lat' dir='ltr'>appareret</span> <span class='ocrx_word' id='word_1_113' title='bbox 549 1429 687 1467; x_wconf 87' lang='lat' dir='ltr'>utram</span> <span class='ocrx_word' id='word_1_114' title='bbox 729 1426 772 1466; x_wconf 92' lang='lat' dir='ltr'>in</span> <span class='ocrx_word' id='word_1_115' title='bbox 815 1428 978 1480; x_wconf 90' lang='lat' dir='ltr'>partem</span> <span class='ocrx_word' id='word_1_116' title='bbox 1021 1426 1296 1480; x_wconf 85' lang='lat' dir='ltr'>propenderet</span> <span class='ocrx_word' id='word_1_117' title='bbox 1337 1425 1527 1473; x_wconf 81' lang='lat' dir='ltr'>victoria;</span> <span class='ocrx_word' id='word_1_118' title='bbox 1565 1424 1777 1481; x_wconf 86' lang='lat' dir='ltr'>Vergilius</span> 
     </span>
     <span class='ocr_line' id='line_1_17' title="bbox 293 1507 1778 1563; baseline -0.001 -14"><span class='ocrx_word' id='word_1_119' title='bbox 293 1512 431 1550; x_wconf 79' lang='lat' dir='ltr'>auten]</span> <span class='ocrx_word' id='word_1_120' title='bbox 475 1509 617 1550; x_wconf 89' lang='lat' dir='ltr'>eadem</span> <span class='ocrx_word' id='word_1_121' title='bbox 660 1523 770 1559; x_wconf 90' lang='lat' dir='ltr'>sero,</span> <span class='ocrx_word' id='word_1_122' title='bbox 812 1511 1032 1563; x_wconf 84' lang='lat' dir='ltr'>postquam</span> <span class='ocrx_word' id='word_1_123' title='bbox 1076 1512 1118 1550; x_wconf 90' lang='lat' dir='ltr'>et</span> <span class='ocrx_word' id='word_1_124' title='bbox 1159 1507 1394 1562; x_wconf 88' lang='lat' dir='ltr'>praevisum</span> <span class='ocrx_word' id='word_1_125' title='bbox 1439 1510 1480 1549; x_wconf 92' lang='lat' dir='ltr'>et</span> <span class='ocrx_word' id='word_1_126' title='bbox 1521 1507 1778 1562; x_wconf 88' lang='lat' dir='ltr'>praedictum</span> 
     </span>
     <span class='ocr_line' id='line_1_18' title="bbox 292 1589 1778 1646; baseline -0.001 -14"><span class='ocrx_word' id='word_1_127' title='bbox 292 1590 439 1632; x_wconf 86' lang='lat' dir='ltr'>fuisset</span> <span class='ocrx_word' id='word_1_128' title='bbox 461 1589 570 1646; x_wconf 85' lang='lat' dir='ltr'>(XII.</span> <span class='ocrx_word' id='word_1_129' title='bbox 595 1595 676 1632; x_wconf 86' lang='lat'>149</span> <span class='ocrx_word' id='word_1_130' title='bbox 700 1592 777 1646; x_wconf 88' lang='lat' dir='ltr'>sq.)</span> <span class='ocrx_word' id='word_1_131' title='bbox 809 1591 997 1632; x_wconf 88' lang='lat' dir='ltr'>Turnum</span> <span class='ocrx_word' id='word_1_132' title='bbox 1029 1591 1172 1645; x_wconf 89' lang='lat' dir='ltr'>utique</span> <span class='ocrx_word' id='word_1_133' title='bbox 1194 1590 1442 1645; x_wconf 89' lang='lat' dir='ltr'>periturum:</span> <span class='ocrx_word' id='word_1_134' title='bbox 1480 1589 1616 1641; x_wconf 82' lang='lat' dir='ltr'>„Haec</span> <span class='ocrx_word' id='word_1_135' title='bbox 1639 1592 1778 1631; x_wconf 90' lang='lat' dir='ltr'>autem</span> 
     </span>
     <span class='ocr_line' id='line_1_19' title="bbox 292 1672 1779 1729; baseline 0 -15"><span class='ocrx_word' id='word_1_136' title='bbox 292 1673 398 1715; x_wconf 90' lang='lat' dir='ltr'>ratio</span> <span class='ocrx_word' id='word_1_137' title='bbox 429 1673 511 1715; x_wconf 88' lang='lat' dir='ltr'>fuit</span> <span class='ocrx_word' id='word_1_138' title='bbox 541 1688 624 1716; x_wconf 90' lang='lat' dir='ltr'>non</span> <span class='ocrx_word' id='word_1_139' title='bbox 656 1673 860 1729; x_wconf 88' lang='lat' dir='ltr'>aequandi</span> <span class='ocrx_word' id='word_1_140' title='bbox 892 1673 1048 1724; x_wconf 89' lang='lat' dir='ltr'>omnia,</span> <span class='ocrx_word' id='word_1_141' title='bbox 1079 1688 1184 1728; x_wconf 90' lang='lat' dir='ltr'>quae</span> <span class='ocrx_word' id='word_1_142' title='bbox 1223 1673 1274 1714; x_wconf 90' lang='lat' dir='ltr'>ab</span> <span class='ocrx_word' id='word_1_143' title='bbox 1307 1675 1476 1714; x_wconf 91' lang='lat' dir='ltr'>auctore</span> <span class='ocrx_word' id='word_1_144' title='bbox 1507 1672 1779 1726; x_wconf 85' lang='lat' dir='ltr'>transcripsit,</span> 
     </span>
     <span class='ocr_line' id='line_1_20' title="bbox 292 1754 1779 1811; baseline -0.001 -14"><span class='ocrx_word' id='word_1_145' title='bbox 292 1756 403 1811; x_wconf 91' lang='lat' dir='ltr'>quod</span> <span class='ocrx_word' id='word_1_146' title='bbox 440 1756 483 1797; x_wconf 91' lang='lat' dir='ltr'>in</span> <span class='ocrx_word' id='word_1_147' title='bbox 515 1756 627 1798; x_wconf 92' lang='lat' dir='ltr'>omni</span> <span class='ocrx_word' id='word_1_148' title='bbox 665 1757 801 1810; x_wconf 91' lang='lat' dir='ltr'>operis</span> <span class='ocrx_word' id='word_1_149' title='bbox 832 1756 896 1797; x_wconf 91' lang='lat' dir='ltr'>sui</span> <span class='ocrx_word' id='word_1_150' title='bbox 933 1759 1050 1810; x_wconf 90' lang='lat' dir='ltr'>parte</span> <span class='ocrx_word' id='word_1_151' title='bbox 1087 1755 1261 1798; x_wconf 90' lang='lat' dir='ltr'>alicuius</span> <span class='ocrx_word' id='word_1_152' title='bbox 1291 1754 1502 1797; x_wconf 89' lang='lat' dir='ltr'>Homerici</span> <span class='ocrx_word' id='word_1_153' title='bbox 1531 1754 1611 1796; x_wconf 91' lang='lat' dir='ltr'>loci</span> <span class='ocrx_word' id='word_1_154' title='bbox 1642 1754 1779 1796; x_wconf 89' lang='lat' dir='ltr'>imita-</span> 
     </span>
     <span class='ocr_line' id='line_1_21' title="bbox 292 1837 1779 1890; baseline -0.001 -11"><span class='ocrx_word' id='word_1_155' title='bbox 292 1839 447 1880; x_wconf 90' lang='lat' dir='ltr'>tionem</span> <span class='ocrx_word' id='word_1_156' title='bbox 485 1839 654 1880; x_wconf 84' lang='lat' dir='ltr'>volebat</span> <span class='ocrx_word' id='word_1_157' title='bbox 694 1839 891 1890; x_wconf 85' lang='lat' dir='ltr'>inserere,</span> <span class='ocrx_word' id='word_1_158' title='bbox 935 1853 1008 1881; x_wconf 89' lang='lat' dir='ltr'>nec</span> <span class='ocrx_word' id='word_1_159' title='bbox 1049 1842 1189 1880; x_wconf 90' lang='lat' dir='ltr'>tamen</span> <span class='ocrx_word' id='word_1_160' title='bbox 1232 1837 1425 1880; x_wconf 88' lang='lat' dir='ltr'>humanis</span> <span class='ocrx_word' id='word_1_161' title='bbox 1462 1837 1620 1879; x_wconf 88' lang='lat' dir='ltr'>viribus</span> <span class='ocrx_word' id='word_1_162' title='bbox 1662 1837 1779 1878; x_wconf 88' lang='lat' dir='ltr'>illam</span> 
     </span>
     <span class='ocr_line' id='line_1_22' title="bbox 292 1919 1780 1977; baseline -0.001 -15"><span class='ocrx_word' id='word_1_163' title='bbox 292 1920 552 1962; x_wconf 88' lang='lat' dir='ltr'>divinitatem</span> <span class='ocrx_word' id='word_1_164' title='bbox 602 1922 757 1977; x_wconf 90' lang='lat' dir='ltr'>ubique</span> <span class='ocrx_word' id='word_1_165' title='bbox 806 1925 971 1976; x_wconf 84' lang='lat' dir='ltr'>poterat</span> <span class='ocrx_word' id='word_1_166' title='bbox 1014 1935 1203 1976; x_wconf 87' lang='lat' dir='ltr'>aequare.</span> <span class='ocrx_word' id='word_1_167' title='bbox 1246 1946 1304 1951; x_wconf 94' lang='lat'>—</span> <span class='ocrx_word' id='word_1_168' title='bbox 1348 1919 1428 1962; x_wconf 84' lang='lat' dir='ltr'>Sed</span> <span class='ocrx_word' id='word_1_169' title='bbox 1471 1919 1573 1961; x_wconf 91' lang='lat' dir='ltr'>haec</span> <span class='ocrx_word' id='word_1_170' title='bbox 1615 1923 1656 1962; x_wconf 92' lang='lat' dir='ltr'>et</span> <span class='ocrx_word' id='word_1_171' title='bbox 1699 1919 1780 1960; x_wconf 90' lang='lat' dir='ltr'>alia</span> 
     </span>
     <span class='ocr_line' id='line_1_23' title="bbox 292 2002 1780 2066; baseline -0.001 -22"><span class='ocrx_word' id='word_1_172' title='bbox 292 2004 543 2060; x_wconf 85' lang='lat' dir='ltr'>ignoscenda</span> <span class='ocrx_word' id='word_1_173' title='bbox 586 2004 795 2066; x_wconf 85' lang='lat' dir='ltr'>Vergilio,</span> <span class='ocrx_word' id='word_1_174' title='bbox 845 2005 918 2060; x_wconf 90' lang='lat' dir='ltr'>qui</span> <span class='ocrx_word' id='word_1_175' title='bbox 967 2004 1093 2046; x_wconf 89' lang='lat' dir='ltr'>studii</span> <span class='ocrx_word' id='word_1_176' title='bbox 1144 2004 1252 2045; x_wconf 87' lang='lat' dir='ltr'>circa</span> <span class='ocrx_word' id='word_1_177' title='bbox 1294 2002 1525 2044; x_wconf 87' lang='lat' dir='ltr'>Homerum</span> <span class='ocrx_word' id='word_1_178' title='bbox 1567 2002 1780 2043; x_wconf 87' lang='lat' dir='ltr'>nimietate</span> 
     </span>
     <span class='ocr_line' id='line_1_24' title="bbox 293 2084 1780 2141; baseline -0.001 -14"><span class='ocrx_word' id='word_1_179' title='bbox 293 2087 452 2129; x_wconf 83' lang='lat' dir='ltr'>excedit</span> <span class='ocrx_word' id='word_1_180' title='bbox 495 2088 665 2129; x_wconf 90' lang='lat' dir='ltr'>modum</span> <span class='ocrx_word' id='word_1_181' title='bbox 709 2091 750 2130; x_wconf 94' lang='lat' dir='ltr'>et</span> <span class='ocrx_word' id='word_1_182' title='bbox 792 2102 836 2129; x_wconf 92' lang='lat' dir='ltr'>re</span> <span class='ocrx_word' id='word_1_183' title='bbox 880 2102 977 2130; x_wconf 88' lang='lat' dir='ltr'>vera</span> <span class='ocrx_word' id='word_1_184' title='bbox 1026 2101 1108 2128; x_wconf 91' lang='lat' dir='ltr'>non</span> <span class='ocrx_word' id='word_1_185' title='bbox 1151 2089 1317 2141; x_wconf 90' lang='lat' dir='ltr'>poterat</span> <span class='ocrx_word' id='word_1_186' title='bbox 1358 2100 1442 2127; x_wconf 92' lang='lat' dir='ltr'>non</span> <span class='ocrx_word' id='word_1_187' title='bbox 1484 2086 1527 2126; x_wconf 91' lang='lat' dir='ltr'>in</span> <span class='ocrx_word' id='word_1_188' title='bbox 1570 2084 1780 2139; x_wconf 88' lang='lat' dir='ltr'>aliquibus</span> 
     </span>
     <span class='ocr_line' id='line_1_25' title="bbox 293 2168 1780 2226; baseline -0.002 -16"><span class='ocrx_word' id='word_1_189' title='bbox 293 2170 428 2211; x_wconf 88' lang='lat' dir='ltr'>minor</span> <span class='ocrx_word' id='word_1_190' title='bbox 459 2170 600 2221; x_wconf 87' lang='lat' dir='ltr'>videri,</span> <span class='ocrx_word' id='word_1_191' title='bbox 633 2185 704 2225; x_wconf 84' lang='lat' dir='ltr'>qul</span> <span class='ocrx_word' id='word_1_192' title='bbox 736 2185 809 2226; x_wconf 91' lang='lat' dir='ltr'>per</span> <span class='ocrx_word' id='word_1_193' title='bbox 841 2185 1005 2212; x_wconf 90' lang='lat' dir='ltr'>omnem</span> <span class='ocrx_word' id='word_1_194' title='bbox 1037 2169 1179 2225; x_wconf 91' lang='lat' dir='ltr'>poesin</span> <span class='ocrx_word' id='word_1_195' title='bbox 1211 2184 1328 2210; x_wconf 91' lang='lat' dir='ltr'>suam</span> <span class='ocrx_word' id='word_1_196' title='bbox 1361 2168 1438 2210; x_wconf 93' lang='lat' dir='ltr'>hoc</span> <span class='ocrx_word' id='word_1_197' title='bbox 1469 2182 1552 2209; x_wconf 91' lang='lat' dir='ltr'>uno</span> <span class='ocrx_word' id='word_1_198' title='bbox 1581 2169 1643 2208; x_wconf 87' lang='lat' dir='ltr'>est</span> <span class='ocrx_word' id='word_1_199' title='bbox 1662 2180 1780 2221; x_wconf 87' lang='lat' dir='ltr'>prae-</span> 
     </span>
     <span class='ocr_line' id='line_1_26' title="bbox 292 2249 1780 2308; baseline -0.003 -15"><span class='ocrx_word' id='word_1_200' title='bbox 292 2252 412 2306; x_wconf 86' lang='lat' dir='ltr'>cipue</span> <span class='ocrx_word' id='word_1_201' title='bbox 445 2267 544 2294; x_wconf 85' lang='lat' dir='ltr'>usus</span> <span class='ocrx_word' id='word_1_202' title='bbox 575 2253 812 2308; x_wconf 85' lang='lat' dir='ltr'>archetypo.</span> <span class='ocrx_word' id='word_1_203' title='bbox 876 2253 1039 2295; x_wconf 90' lang='lat' dir='ltr'>Acriter</span> <span class='ocrx_word' id='word_1_204' title='bbox 1070 2253 1180 2294; x_wconf 92' lang='lat' dir='ltr'>enim</span> <span class='ocrx_word' id='word_1_205' title='bbox 1210 2251 1254 2293; x_wconf 90' lang='lat' dir='ltr'>in</span> <span class='ocrx_word' id='word_1_206' title='bbox 1285 2251 1516 2293; x_wconf 88' lang='lat' dir='ltr'>Homerum</span> <span class='ocrx_word' id='word_1_207' title='bbox 1547 2249 1688 2292; x_wconf 89' lang='lat' dir='ltr'>oculos</span> <span class='ocrx_word' id='word_1_208' title='bbox 1718 2249 1780 2289; x_wconf 91' lang='lat' dir='ltr'>in-</span> 
     </span>
     <span class='ocr_line' id='line_1_27' title="bbox 293 2331 1779 2390; baseline -0.003 -15"><span class='ocrx_word' id='word_1_209' title='bbox 293 2335 438 2385; x_wconf 84' lang='lat' dir='ltr'>tendit,</span> <span class='ocrx_word' id='word_1_210' title='bbox 470 2339 517 2377; x_wconf 87' lang='lat' dir='ltr'>ut</span> <span class='ocrx_word' id='word_1_211' title='bbox 548 2336 828 2377; x_wconf 87' lang='lat' dir='ltr'>aemularetur</span> <span class='ocrx_word' id='word_1_212' title='bbox 858 2350 941 2377; x_wconf 92' lang='lat' dir='ltr'>non</span> <span class='ocrx_word' id='word_1_213' title='bbox 972 2335 1096 2377; x_wconf 91' lang='lat' dir='ltr'>modo</span> <span class='ocrx_word' id='word_1_214' title='bbox 1127 2333 1479 2390; x_wconf 86' lang='lat' dir='ltr'>magnitudinem,</span> <span class='ocrx_word' id='word_1_215' title='bbox 1509 2332 1579 2374; x_wconf 88' lang='lat' dir='ltr'>sed</span> <span class='ocrx_word' id='word_1_216' title='bbox 1611 2335 1652 2373; x_wconf 90' lang='lat' dir='ltr'>et</span> <span class='ocrx_word' id='word_1_217' title='bbox 1683 2331 1779 2372; x_wconf 86' lang='lat' dir='ltr'>sim-</span> 
     </span>
     <span class='ocr_line' id='line_1_28' title="bbox 292 2415 1780 2474; baseline -0.003 -16"><span class='ocrx_word' id='word_1_218' title='bbox 292 2417 520 2472; x_wconf 88' lang='lat' dir='ltr'>plicitatem</span> <span class='ocrx_word' id='word_1_219' title='bbox 565 2423 606 2461; x_wconf 92' lang='lat' dir='ltr'>et</span> <span class='ocrx_word' id='word_1_220' title='bbox 649 2419 924 2474; x_wconf 88' lang='lat' dir='ltr'>praesentiam</span> <span class='ocrx_word' id='word_1_221' title='bbox 968 2418 1168 2461; x_wconf 87' lang='lat' dir='ltr'>orationis</span> <span class='ocrx_word' id='word_1_222' title='bbox 1212 2420 1253 2459; x_wconf 90' lang='lat' dir='ltr'>et</span> <span class='ocrx_word' id='word_1_223' title='bbox 1294 2416 1467 2458; x_wconf 87' lang='lat' dir='ltr'>tacitam</span> <span class='ocrx_word' id='word_1_224' title='bbox 1510 2415 1780 2456; x_wconf 89' lang='lat' dir='ltr'>maiestatem.</span> 
     </span>
     <span class='ocr_line' id='line_1_29' title="bbox 294 2495 1781 2555; baseline -0.002 -15"><span class='ocrx_word' id='word_1_225' title='bbox 294 2499 402 2542; x_wconf 89' lang='lat' dir='ltr'>Hinc</span> <span class='ocrx_word' id='word_1_226' title='bbox 433 2501 691 2543; x_wconf 86' lang='lat' dir='ltr'>diversarum</span> <span class='ocrx_word' id='word_1_227' title='bbox 723 2502 830 2544; x_wconf 91' lang='lat' dir='ltr'>inter</span> <span class='ocrx_word' id='word_1_228' title='bbox 862 2502 1010 2544; x_wconf 90' lang='lat' dir='ltr'>heroas</span> <span class='ocrx_word' id='word_1_229' title='bbox 1047 2515 1144 2543; x_wconf 89' lang='lat' dir='ltr'>suos</span> <span class='ocrx_word' id='word_1_230' title='bbox 1176 2513 1443 2555; x_wconf 85' lang='lat' dir='ltr'>personarum</span> <span class='ocrx_word' id='word_1_231' title='bbox 1475 2497 1589 2540; x_wconf 84' lang='lat' dir='ltr'>varia</span> <span class='ocrx_word' id='word_1_232' title='bbox 1619 2495 1781 2551; x_wconf 87' lang='lat' dir='ltr'>magni-</span> 
     </span>
     <span class='ocr_line' id='line_1_30' title="bbox 295 2578 1781 2640; baseline -0.004 -15"><span class='ocrx_word' id='word_1_233' title='bbox 295 2584 451 2633; x_wconf 67' lang='lat' dir='ltr'>ficatio,</span> <span class='ocrx_word' id='word_1_234' title='bbox 483 2584 581 2626; x_wconf 91' lang='lat' dir='ltr'>hinc</span> <span class='ocrx_word' id='word_1_235' title='bbox 614 2585 784 2626; x_wconf 90' lang='lat' dir='ltr'>deorum</span> <span class='ocrx_word' id='word_1_236' title='bbox 806 2585 1083 2640; x_wconf 81' lang='lat' dir='ltr'>interpositio;</span> <span class='ocrx_word' id='word_1_237' title='bbox 1114 2583 1210 2624; x_wconf 91' lang='lat' dir='ltr'>hinc</span> <span class='ocrx_word' id='word_1_238' title='bbox 1232 2581 1456 2623; x_wconf 86' lang='lat' dir='ltr'>auctoritas</span> <span class='ocrx_word' id='word_1_239' title='bbox 1477 2578 1781 2626; x_wconf 83' lang='lat' dir='ltr'>fabulosorum3</span> 
     </span>
     <span class='ocr_line' id='line_1_31' title="bbox 294 2665 1781 2721; baseline -0.005 -14"><span class='ocrx_word' id='word_1_240' title='bbox 294 2667 389 2708; x_wconf 85' lang='lat' dir='ltr'>hinc</span> <span class='ocrx_word' id='word_1_241' title='bbox 424 2668 647 2709; x_wconf 85' lang='lat' dir='ltr'>affectuum</span> <span class='ocrx_word' id='word_1_242' title='bbox 681 2668 885 2709; x_wconf 88' lang='lat' dir='ltr'>naturalis</span> <span class='ocrx_word' id='word_1_243' title='bbox 923 2666 1150 2721; x_wconf 71' lang='lat' dir='ltr'>expressio,</span> <span class='ocrx_word' id='word_1_244' title='bbox 1182 2665 1278 2706; x_wconf 85' lang='lat' dir='ltr'>hinc</span> <span class='ocrx_word' id='word_1_245' title='bbox 1306 2665 1669 2705; x_wconf 89' lang='lat' dir='ltr'>monumentorum</span> <span class='ocrx_word' id='word_1_246' title='bbox 1691 2675 1781 2715; x_wconf 88' lang='lat' dir='ltr'>per-</span> 
     </span>
    </p>
   </div>
   <div class='ocr_carea' id='block_1_3' title="bbox 294 2741 1782 2805">
    <p class='ocr_par' dir='ltr' id='par_1_6' title="bbox 294 2741 1782 2805">
     <span class='ocr_line' id='line_1_32' title="bbox 294 2741 1782 2805; baseline -0.005 -15"><span class='ocrx_word' id='word_1_247' title='bbox 294 2750 467 2798; x_wconf 83' lang='lat' dir='ltr'>secutio;</span> <span class='ocrx_word' id='word_1_248' title='bbox 499 2750 595 2792; x_wconf 86' lang='lat' dir='ltr'>hinc</span> <span class='ocrx_word' id='word_1_249' title='bbox 617 2750 909 2805; x_wconf 86' lang='lat' dir='ltr'>parabolarum</span> <span class='ocrx_word' id='word_1_250' title='bbox 933 2748 1219 2805; x_wconf 68' lang='lat' dir='ltr'>exaggeraffioe</span> <span class='ocrx_word' id='word_1_251' title='bbox 1247 2747 1343 2788; x_wconf 89' lang='lat' dir='ltr'>hinc</span> <span class='ocrx_word' id='word_1_252' title='bbox 1364 2745 1560 2787; x_wconf 89' lang='lat' dir='ltr'>torrentis</span> <span class='ocrx_word' id='word_1_253' title='bbox 1581 2741 1782 2785; x_wconf 86' lang='lat' dir='ltr'>orationis</span> 
     </span>
    </p>
   </div>
   <div class='ocr_carea' id='block_1_4' title="bbox 294 2826 1713 2889">
    <p class='ocr_par' dir='ltr' id='par_1_7' title="bbox 294 2826 1713 2889">
     <span class='ocr_line' id='line_1_33' title="bbox 294 2826 1713 2889; baseline -0.005 -16"><span class='ocrx_word' id='word_1_254' title='bbox 294 2833 468 2880; x_wconf 77' lang='lat' dir='ltr'>sonitus:</span> <span class='ocrx_word' id='word_1_255' title='bbox 501 2833 597 2875; x_wconf 91' lang='lat' dir='ltr'>hinc</span> <span class='ocrx_word' id='word_1_256' title='bbox 628 2848 764 2875; x_wconf 88' lang='lat' dir='ltr'>rerum</span> <span class='ocrx_word' id='word_1_257' title='bbox 795 2832 1055 2889; x_wconf 87' lang='lat' dir='ltr'>singularum</span> <span class='ocrx_word' id='word_1_258' title='bbox 1087 2846 1180 2872; x_wconf 85' lang='lat' dir='ltr'>cum</span> <span class='ocrx_word' id='word_1_259' title='bbox 1212 2828 1429 2884; x_wconf 89' lang='lat' dir='ltr'>splendore</span> <span class='ocrx_word' id='word_1_260' title='bbox 1460 2826 1713 2882; x_wconf 84' lang='lat' dir='ltr'>fastigium.“</span> 
     </span>
    </p>
   </div>
   <div class='ocr_carea' id='block_1_5' title="bbox 0 3367 1976 3401">
    <p class='ocr_par' dir='ltr' id='par_1_8' title="bbox 0 3367 1976 3401">
     <span class='ocr_line' id='line_1_34' title="bbox 0 3367 1976 3401; baseline 0 0"><span class='ocrx_word' id='word_1_261' title='bbox 0 3367 1976 3401; x_wconf 95' lang='lat' dir='ltr'> </span> 
     </span>
    </p>
   </div>
  </div>
 </body>
</html>
