1976 3401
907 153 1198 190 —20-

525 264 763 319 pollicitu's:
796 280 900 319 quae
932 268 984 316 te,
1017 266 1193 321 genitor,
1225 268 1428 308 sententia
1459 269 1610 310 vertit?

314 346 343 387 Ι.
377 351 478 388 24οι
511 361 632 400 quem
667 347 738 388 das
771 347 907 396 finem,
939 362 1011 389 rex
1042 363 1204 403 magne,
1235 348 1438 391 laborum.

313 427 360 469 X.
396 433 466 470 34:
499 443 571 469 cur
603 443 710 470 nunc
741 432 814 470 tua
845 429 1065 484 quisquam
1098 434 1256 472 vertere
1287 430 1398 473 iussa
1430 434 1594 486 potest?

310 511 377 551 cui
409 510 604 565 ‚Iuppiter
635 511 854 565 respondet
885 510 914 553 I.
939 517 1040 554 257:
1072 512 1281 563 confirma,
1311 513 1424 568 erige
1457 514 1639 556 animum
1660 518 1793 564 tuum,

311 596 479 634 manent
521 593 694 635 immota
738 597 906 635 tuorum
942 594 1032 635 fata
1070 594 1147 636 tibi
1185 598 1227 637 et
1258 594 1349 637 XII.
1383 600 1480 637 803.
1541 600 1709 639 ventum
1741 597 1790 638 ad

310 690 548 730 supremum
583 680 644 718 est
676 680 759 718 806
794 677 968 719 ulterius
1000 680 1203 732 temptare
1235 684 1340 719 veto.

428 757 455 798 J
460 758 623 812 uppiter
653 758 832 801 Junonis
869 760 1059 814 precibus
1097 760 1261 802 cederat
1291 762 1411 816 eique
1442 761 1701 816 permiserat,
1746 765 1793 803 ut

308 840 441 881 Turni
472 840 597 882 morti
628 855 787 882 moram
818 841 982 885 faceret.
1026 841 1148 884 Nunc
1175 846 1314 884 autem
1337 843 1424 885 fata
1445 843 1609 898 impleri
1630 846 1792 898 tempus

310 926 399 964 erat
435 925 478 964 et
510 922 684 965 ulterius
717 927 920 979 temptare
954 924 1054 967 deus
1088 928 1211 967 vetat.
1255 924 1327 968 IV.
1352 930 1448 968 237.
1482 940 1565 980 quo
1599 925 1793 981 Juppiter

311 1006 474 1047 Aeneae
517 1005 769 1047 Mercurium
813 1007 960 1057 mittit,
1004 1010 1051 1049 ut
1093 1007 1131 1049 ei
1174 1008 1400 1050 nuntiaret:
1443 1008 1623 1065 naviget.

310 1087 411 1129 haec
442 1102 605 1129 summa
636 1091 710 1138 est,
742 1088 808 1131 hic
840 1090 972 1131 nostri
1003 1090 1173 1132 nuntius
1205 1093 1310 1140 est0;
1340 1094 1552 1145 praeterea
1572 1089 1685 1133 VIII.
1709 1094 1788 1132 381

310 1185 393 1224 quo
426 1171 586 1212 Aeneas
617 1170 735 1214 Jovis
766 1170 952 1226 imperiis
984 1172 1237 1215 Rutulorum
1269 1177 1430 1216 constat
1460 1174 1556 1216 oris.

429 1253 655 1308 Juppiter
687 1267 910 1299 Summus.
963 1255 1202 1310 Sequuntur
1233 1256 1378 1298 deinde
1409 1256 1489 1298 loci
1520 1256 1672 1311 quibus
1704 1256 1793 1298 uni-

312 1351 426 1378 verse
464 1336 659 1391 Juppiter
701 1352 911 1379 summum
955 1353 1106 1380 numen
1151 1339 1388 1381 nominatur
1433 1342 1478 1381 ut
1520 1338 1550 1382 I.
1584 1343 1667 1380 522
1711 1352 1793 1393 quo

307 1419 505 1474 Juppiter
553 1420 705 1462 Didoni
757 1435 907 1462 novam
959 1421 1133 1479 condere
1185 1422 1330 1464 urbem
1381 1422 1620 1476 iustitiaque
1671 1421 1793 1463 dedit.

312 1501 381 1543 XI.
408 1506 488 1544 118
513 1504 577 1545 eui
601 1503 728 1545 vitam
750 1504 849 1546 deus
871 1507 943 1545 aut
964 1518 1039 1545 sua
1061 1504 1204 1546 dextra
1226 1505 1403 1546 dedisset
1424 1504 1547 1555 vixet,
1574 1504 1794 1559 respondet

311 1586 472 1626 Aeneas
504 1585 640 1627 Latini
671 1585 832 1641 legatis.
894 1585 942 1627 X.
978 1590 1029 1627 18
1063 1585 1222 1628 Venus:

371 1683 394 1708 0
427 1671 554 1722 pater,
586 1682 610 1710 o
642 1668 859 1710 hominum
890 1683 1110 1723 rerumque
1141 1672 1307 1711 aeterna
1338 1672 1547 1724 potestas?

369 1766 549 1805 namque
581 1751 692 1793 aliud
725 1751 824 1806 quid
856 1751 921 1802 sit,
952 1752 1061 1806 quod
1094 1752 1173 1793 iam
1209 1752 1429 1806 implorare
1461 1754 1686 1806 queamus?

308 1833 378 1875 cui
410 1834 684 1888 respondebat
715 1838 834 1888 pater
866 1835 1128 1889 omnipotens
1159 1849 1314 1885 rerum,
1352 1834 1416 1876 cui
1449 1834 1582 1888 prima
1613 1836 1796 1888 potestas

312 1916 411 1957 insit
443 1916 492 1957 X.
529 1920 610 1958 100
651 1920 691 1958 et
728 1917 800 1971 qui
838 1917 879 1958 in
918 1917 1064 1959 melius
1101 1917 1136 1959 si
1168 1917 1259 1959 vult
1295 1917 1433 1958 omnia
1464 1931 1557 1958 orsa
1587 1916 1796 1958 reflectere

312 2003 450 2053 potest
481 1999 530 2040 X.
565 2004 666 2048 6323
711 2015 792 2054 qua
830 2000 878 2041 de
916 2015 1038 2042 causa
1069 2000 1180 2041 ι111110
1212 2015 1236 2041 a
1268 1999 1372 2041 Jove
1404 1999 1552 2053 petivit
1573 1998 1663 2040 XII.
1694 2004 1794 2040 823:

526 2097 575 2123 ne
607 2085 729 2124 vetus
762 2082 977 2137 indigenas
1008 2097 1158 2124 nomen
1190 2086 1351 2125 mutare
1382 2081 1551 2124 Latinos

526 2179 606 2206 neu
638 2164 766 2206 Troas
798 2165 888 2206 fieri
918 2165 1061 2206 iubeas
1093 2164 1354 2219 Teucrosque
1386 2164 1522 2205 vocari

311 2261 419 2301 quae
451 2247 590 2288 omnia
623 2251 705 2289 833
739 2247 934 2302 ‹Iuppiter
965 2248 1046 2289 dat.
1094 2246 1166 2289 III.
1192 2251 1269 2289 171
1306 2261 1388 2301 quo
1409 2246 1603 2300 Juppiter
1634 2246 1797 2287 Aeneae

312 2329 473 2370 dictaea
516 2344 613 2371 arva
656 2333 782 2384 negat
825 2334 866 2370 et
897 2329 967 2372 XI.
1002 2334 1081 2371 901
1123 2344 1244 2371 saeva
1275 2329 1392 2370 Jovis
1430 2328 1600 2369 numina
1637 2327 1797 2382 pellunt

314 2411 502 2452 Turnum
535 2411 746 2452 tramitem
778 2412 906 2453 silvae
938 2426 1165 2454 convexum
1188 2411 1431 2465 relinquere,
1463 2411 1652 2452 obsessos
1673 2410 1797 2451 colles

314 2498 356 2535 et
389 2509 556 2536 nemora
587 2509 732 2548 aspera
765 2494 961 2536 deserere.

434 2577 624 2618 Addendi
663 2580 761 2618 sunt
792 2576 857 2618 his
888 2577 967 2618 loci
999 2577 1152 2632 quibus
1182 2576 1377 2630 JuPIJiter
1409 2578 1455 2616 ut
1485 2575 1585 2616 deus
1617 2575 1798 2629 optimus

317 2659 534 2709 maximus,
566 2659 751 2700 omnium
784 2660 966 2700 fatorum
999 2659 1207 2713 praescius
1238 2662 1311 2708 est,
1342 2672 1435 2699 cum
1467 2657 1538 2698 alii
1570 2657 1634 2698 dei
1665 2657 1706 2698 in
1734 2657 1798 2698 his

314 2740 428 2781 Juno
472 2741 731 2795 omnipotens
775 2742 952 2783 coniunx
992 2741 1247 2797 magnanimi
1285 2743 1444 2794 partem
1484 2739 1605 2781 modo
1637 2738 1797 2781 venturi

315 2823 447 2864 sciant
480 2827 526 2864 ut
558 2823 585 2865 1.
620 2828 721 2865 261:
