1976 3401
896 164 1157 201 ...3-

351 299 421 338 per
451 296 620 336 superos
651 284 774 334 atque
807 279 882 319 hoc
914 276 1014 318 coeli
1047 274 1242 330 spirabile
1272 287 1436 322 numen,

351 365 483 406 tollite
512 379 586 406 mc.
619 361 775 403 Teucri.
821 374 910 414 pro:
943 373 1016 413 per
1046 371 1215 411 superos
1246 359 1370 409 atque
1402 369 1474 409 per
1504 367 1708 395 auroram.

411 447 452 486 ln
488 445 536 487 ΙΙ.
574 448 651 485 178
685 443 796 484 canit
827 440 1014 482 Calchas:

434 544 503 568 nec
537 541 652 580 posse
684 523 890 579 Argolicis
921 521 1078 564 excindi
1115 518 1304 575 Pergami
1336 518 1430 560 telis

435 610 571 649 omina
605 608 643 647 ni
677 609 866 660 repetant
898 604 1024 659 Argis
1055 615 1290 656 numenque
1321 600 1520 641 reducant
1550 599 1575 642 i.
1595 614 1629 641 e.

299 692 531 733 Palladium
564 689 771 731 reducant.

410 771 742 827 significationes
779 772 918 810 autem
955 768 1033 809 sub
1070 772 1110 816 1,
1144 771 1180 816 2,
1214 770 1237 807 3
1270 765 1434 819 saepius
1465 765 1572 806 inter
1602 778 1646 805 se
1677 777 1772 805 con-

296 855 462 897 fundere
493 867 716 907 eorumque
746 851 963 892 discrimen
994 848 1231 902 saepissime
1262 862 1312 889 ex
1333 846 1499 889 lectoris
1519 846 1774 902 cogitatione

296 936 521 991 dependere
572 934 623 976 ad
681 932 1005 987 intellegendum
1057 930 1226 972 difficile
1276 943 1359 971 nou
1411 932 1484 970 est.
1564 927 1774 970 Ponamus

296 1018 470 1072 exempli
503 1031 626 1059 causa
658 1015 707 1057 II.
742 1019 842 1062 336;
874 1013 924 1054 V.
949 1017 1021 1061 563
1054 1011 1168 1054 VIII.
1193 1016 1274 1053 574
1308 1011 1460 1066 quibus
1490 1011 1592 1053 locis
1622 1025 1775 1052 numen

298 1102 399 1142 verti
432 1103 567 1155 potest
600 1102 672 1140 aut
693 1098 918 1147 voluntate,
948 1096 1070 1137 iussis
1093 1096 1232 1137 divom
1253 1097 1326 1136 aut
1348 1096 1564 1149 potestate,
1595 1092 1774 1134 auctori-

298 1187 391 1224 tate.
453 1182 565 1223 Idem
603 1181 644 1221 in
682 1179 751 1221 XI.
787 1184 867 1221 232
907 1193 991 1233 quo
1029 1178 1092 1219 vis
1129 1177 1310 1219 numinis
1347 1176 1560 1218 simillima
1596 1175 1777 1218 notionis

299 1269 359 1307 est
390 1279 471 1306 non
502 1267 663 1305 tantum
695 1262 772 1303 sub
806 1266 829 1303 3
861 1262 933 1303 sed
965 1261 1089 1302 etiam
1121 1260 1199 1302 sub
1234 1264 1253 1302 1
1289 1263 1331 1301 et
1364 1264 1399 1302 2.

415 1346 588 1388 Interest
624 1347 763 1386 autem
801 1343 1051 1398 permultum
1090 1343 1198 1384 inter
1228 1356 1380 1383 numen
1411 1345 1453 1384 et
1484 1342 1624 1392 deum,
1667 1340 1778 1395 quod

302 1434 347 1471 ut
378 1443 467 1470 mea
498 1428 579 1469 fert
610 1427 749 1481 opinio
780 1426 902 1468 facile
933 1425 1127 1482 cognosci
1159 1428 1296 1479 potest
1328 1439 1377 1466 ex
1409 1422 1459 1466 ΙΙ.
1494 1427 1595 1466 141:

389 1544 396 1552 .
428 1545 436 1553 .
470 1545 477 1552 .
511 1544 518 1551 .
550 1514 590 1551 te
624 1525 695 1564 per
725 1523 896 1563 superos
928 1512 969 1550 et
1000 1508 1162 1550 conscia
1193 1507 1363 1548 numina
1394 1520 1480 1548 oro.
1541 1505 1613 1548 VI.
1647 1510 1720 1548 68:

389 1626 396 1633 .
430 1628 436 1634 ,
471 1626 478 1633 .
512 1627 518 1633 .
552 1592 603 1633 da
634 1592 752 1633 Latio
784 1591 992 1632 considere
1024 1590 1204 1631 Teucros

302 1675 554 1729 errantisque
586 1675 682 1716 deos
713 1674 955 1729 agitataque
986 1673 1156 1714 numina
1188 1671 1346 1714 Troiae.
1408 1671 1457 1712 X.
1491 1675 1592 1713 221:

738 1790 746 1798 .
778 1755 985 1810 nymphae
1017 1769 1120 1809 quas
1152 1754 1262 1795 alma
1293 1753 1445 1809 Cybele

611 1853 764 1879 numen
796 1838 948 1879 habere
980 1837 1106 1879 maris
1137 1837 1357 1891 (iusserat).

421 1921 560 1962 Primo
592 1924 730 1961 autem
762 1920 851 1961 loco
883 1919 1052 1961 numina
1083 1919 1173 1961 sola
1203 1933 1336 1973 neque
1358 1933 1454 1960 vero
1485 1933 1658 1973 superos
1689 1932 1784 1960 con-

304 2004 409 2044 scios
452 2017 537 2044 esse
569 2003 653 2044 veri
691 2002 806 2043 nulla
843 2002 1003 2044 ratione
1041 2001 1321 2049 contenditur;
1364 2001 1525 2042 conscia
1569 2001 1696 2042 etiam
1733 2001 1784 2042 ad

305 2100 474 2139 superos
506 2085 762 2126 referendum
796 2088 867 2125 est.
930 2083 1043 2125 Infra
1074 2083 1306 2125 videbimus
1337 2083 1451 2133 deos,
1489 2097 1660 2138 superos
1691 2097 1786 2125 con-

306 2167 409 2207 scios
442 2181 526 2207 esse
559 2167 707 2216 futuri,
751 2181 833 2220 qua
871 2166 919 2207 de
957 2181 1078 2207 causa
1116 2166 1240 2207 etiam
1272 2165 1375 2219 veri,
1419 2165 1530 2219 quod
1561 2180 1660 2207 vera
1689 2169 1787 2207 sunt

308 2264 370 2290 res
414 2250 588 2290 futurae.
650 2250 895 2302 Quanquam
937 2249 1024 2289 sine
1068 2248 1195 2289 dubio
1233 2249 1275 2289 in
1311 2248 1542 2302 praesentia
1578 2247 1785 2289 interdum

309 2331 633 2384 perspiciendum
667 2334 728 2371 est
761 2345 915 2380 verum,
946 2334 1084 2372 tamen
1117 2330 1354 2384 saepissime
1386 2330 1422 2371 ei
1455 2331 1694 2384 oppositum
1725 2333 1788 2372 est

311 2413 471 2462 falsum,
504 2415 661 2461 fictum,
695 2427 835 2454 verum
869 2416 1007 2454 autem
1039 2427 1112 2467 per
1143 2427 1185 2454 se
1217 2413 1411 2467 cognosci
1442 2427 1523 2454 non
1552 2416 1688 2467 potest
1709 2413 1786 2454 nisi

310 2499 448 2549 aperte
494 2499 585 2549 post
628 2495 870 2536 acerrimum
911 2495 1401 2549 vehementissimumque
1444 2498 1651 2536 certamen
1694 2509 1787 2536 cum

313 2578 406 2617 ficto
440 2577 627 2631 falsoque.
659 2579 700 2618 in
733 2582 917 2631 tempore
950 2579 1103 2619 futuro.

427 2659 498 2700 Sin
531 2663 665 2700 autem
701 2664 783 2701 tres
805 2660 927 2710 locos,
952 2675 1057 2715 quos
1078 2675 1204 2715 supra
1225 2661 1649 2711 commemoravimus,
1671 2674 1787 2702 accu-

315 2741 440 2782 ratius
473 2743 786 2792 consideramus,
819 2747 1008 2796 apertum
1040 2746 1102 2784 est
1123 2757 1170 2783 ac
1192 2743 1456 2784 manifestum
1478 2757 1661 2797 superos,
1678 2741 1790 2783 deos

317 2823 516 2875 portinere
539 2824 586 2863 :ul
613 2839 818 2877 pei-sonaS,
839 2825 889 2865 ad
913 2825 1171 2866 divinitates.
1195 2857 1202 2865 .
1227 2859 1234 2867 .
1258 2825 1437 2866 numina.
1479 2824 1629 2866 Errare
1651 2826 1789 2866 autem
