1976 3401
292 257 432 297 Glauci
467 254 671 309 Apollinis
715 253 828 294 iussu
871 253 1022 292 canunt
1065 252 1188 304 atque
1226 247 1483 302 praedicam
1525 245 1765 301 Apollinem

293 341 424 393 ipsum
468 340 606 378 autem
650 336 800 376 donum
845 332 1014 375 canendi
1059 347 1083 372 a
1114 330 1216 372 Jove
1253 329 1527 384 omnipotenti
1563 328 1768 383 accepisse

293 437 338 461 ex
375 419 443 460 III.
479 423 560 459 250
594 419 775 471 apparet.

410 506 445 542 3.
491 500 609 540 inferi
642 499 826 539 videmus
864 497 905 538 in
938 495 1010 537 VI.
1044 499 1125 537 683
1159 509 1240 549 (1110
1279 496 1396 548 pater
1433 493 1635 535 Anchises
1672 506 1767 534 con-

296 584 398 624 valle
423 582 567 623 virenti
600 579 777 621 inclusas
808 578 965 620 animas
996 591 1190 631 superum
1223 575 1274 617 ad
1305 575 1445 617 lumen
1465 575 1598 617 ituras
1617 574 1768 617 lustra-

295 667 364 706 bat
407 668 447 705 et
491 662 725 704 recensebat
763 675 877 702 caros
913 662 1082 714 nepotes
1120 672 1344 712 eorumque
1381 657 1468 699 fata
1498 657 1770 711 fortunasque

297 760 518 799 moresque.
556 748 596 785 et
618 743 768 784 Creusa
799 741 848 784 ΙΙ.
875 746 956 783 780
978 756 1065 795 sqq.
1099 755 1203 795 quae
1234 739 1379 781 infelix
1409 739 1677 781 simulacrum
1708 741 1769 780 at-·

295 843 373 882 que
412 828 555 868 umbra
588 826 674 866 visa
710 828 804 866 ante
842 823 981 865 oculos
1013 823 1175 865 Aeneae
1213 822 1428 877 praedicit,
1470 821 1598 878 longa
1627 820 1772 862 futura

296 910 434 959 exilia,
478 911 639 949 vastum
678 907 800 948 maris
837 920 991 960 aequor
1028 905 1245 955 arandum,
1288 907 1509 946 venturum
1545 903 1588 945 in
1618 906 1773 945 terram

299 991 538 1045 Hesperiam
571 993 644 1030 etc.

414 1079 450 1114 4.
494 1072 626 1112 sidera
658 1070 728 1112 IV.
763 1074 844 1111 519
885 1070 1045 1111 conscia
1075 1069 1171 1119 fati,
1215 1068 1325 1123 quod
1357 1068 1490 1110 sidera
1522 1067 1640 1123 quasi
1671 1066 1775 1109 coeli

298 1155 404 1196 oculi
436 1154 572 1195 omnia
604 1153 743 1194 vident
773 1152 913 1206 itaque
945 1155 987 1194 et
1017 1151 1233 1193 hominum
1264 1151 1368 1200 fata;
1412 1150 1558 1192 confer
1584 1148 1656 1191 [V.
1690 1153 1771 1191 167

299 1254 379 1292 quo
410 1237 499 1278 loco
531 1235 682 1276 fulsere
713 1235 835 1291 ignes
856 1237 901 1276 et
932 1234 1074 1276 aether
1101 1234 1287 1276 conscius
1308 1233 1495 1275 conubiis
1517 1233 1559 1274 in
1579 1232 1777 1287 spelunca

300 1334 423 1374 apaca
453 1321 570 1359 nocte
601 1321 719 1359 tecta.

416 1402 556 1454 Atque
588 1400 775 1453 quamvis
802 1399 857 1440 sit
883 1399 1103 1440 molestum
1125 1397 1406 1440 confitendum
1427 1401 1489 1439 est
1509 1411 1642 1452 neque
1664 1400 1780 1438 vates

302 1498 431 1538 neque
475 1483 570 1523 deos
614 1482 796 1523 conscios
839 1496 926 1523 esse
969 1481 1046 1522 fati
1089 1481 1167 1522 toti
1211 1483 1335 1535 atque
1380 1480 1571 1521 universi.
1631 1478 1779 1534 Neque

302 1565 482 1606 Helenus
514 1567 672 1618 patrem
695 1563 916 1605 Anchisem
948 1564 1063 1605 brevi
1085 1563 1333 1604 moriturum
1355 1563 1519 1604 Aeneae
1546 1561 1781 1617 praedicere

303 1650 436 1701 potest
467 1661 597 1700 neque
619 1645 690 1687 IX.
715 1649 796 1687 328
829 1646 916 1700 ipse
944 1645 1148 1686 Rhamses
1180 1644 1355 1700 augurio
1386 1647 1545 1699 pestem
1577 1643 1781 1699 depellere

302 1729 438 1782 potuit
479 1743 521 1769 se
565 1731 683 1769 nocte
721 1728 771 1769 ad
804 1727 1055 1770 Teucrorum
1100 1729 1234 1768 castra
1276 1726 1542 1768 interiturum
1585 1726 1781 1768 nesciens.

303 1810 332 1852 Ι.
367 1815 417 1852 18
451 1810 561 1852 ι111110
593 1825 830 1864 quanquam
862 1810 1102 1865 progeniem
1123 1809 1302 1851 Troiano
1333 1824 1357 1850 a
1388 1809 1590 1865 sanguine
1621 1808 1782 1851 excidio

304 1893 455 1946 Libyae
488 1896 702 1934 venturam
734 1892 964 1942 audiverat,
1002 1907 1107 1947 quae
1139 1891 1285 1947 Tyrias
1316 1906 1429 1933 arces
1460 1891 1560 1933 olim
1591 1893 1784 1942 verteret,

304 1979 439 2016 tamen
485 1978 623 2016 autem
661 1975 852 2016 omnibus
889 1975 1025 2017 nervis
1058 1974 1284 2024 contendit,
1328 1977 1376 2016 ut
1407 1989 1431 2015 a
1461 1974 1594 2030 Libya
1625 1973 1783 2015 malum

305 2057 526 2111 depelleret
556 2058 724 2111 fataque
757 2057 950 2098 flecteret.
1001 2056 1064 2098 Ex
1087 2072 1169 2111 (1110
1191 2057 1407 2098 conficitur
1428 2060 1475 2098 ut
1496 2056 1523 2099 J
1527 2071 1607 2098 11110
1629 2070 1783 2111 nequa-

306 2155 426 2193 quam
471 2141 630 2181 conscia
668 2140 793 2181 fuerit
830 2140 906 2181 fati
938 2140 1016 2181 toti
1048 2142 1171 2194 atque
1204 2139 1402 2190 universi,
1446 2139 1574 2194 quod,
1617 2142 1664 2180 ut
1695 2138 1785 2193 ipsa

306 2223 524 2262 confitetur
555 2222 699 2277 regina
731 2222 881 2272 divom,
914 2221 1162 2263 mortalibus
1184 2224 1225 2263 et
1246 2221 1332 2263 deis
1354 2224 1580 2272 aeternum,
1610 2221 1784 2262 inviola-

307 2308 393 2344 tum
427 2304 479 2344 sit
512 2318 643 2358 neque
665 2304 773 2345 flecti
795 2304 936 2358 possit.
988 2303 1190 2345 Audierat
1211 2303 1321 2345 ι111110
1343 2318 1476 2358 neque
1498 2303 1619 2345 ultra.
1670 2302 1786 2344 Idem

307 2385 521 2426 dicendum
566 2390 628 2427 est
671 2386 718 2427 de
751 2386 911 2428 Venere
955 2385 983 2427 Ι.
1018 2391 1098 2428 261
1140 2400 1228 2441 sqq.
1267 2386 1350 2436 0111,
1394 2400 1486 2427 011111
1532 2386 1580 2427 de
1624 2385 1787 2440 nepotis

308 2467 514 2507 carissimo
547 2468 633 2509 sato
666 2468 840 2518 timeret,
872 2468 1087 2509 hominum
1117 2472 1229 2510 sator
1259 2471 1385 2522 atque
1417 2468 1587 2509 deorum
1619 2468 1788 2524 longius

312 2549 476 2589 volvens
508 2551 688 2590 fatorum
720 2565 869 2592 arcana
901 2554 1050 2591 movet.

428 2631 649 2684 Epitheta
679 2633 825 2676 Jovis.
889 2633 1092 2673 Omnibus
1129 2635 1268 2674 autem
1306 2632 1408 2673 locis
1446 2632 1495 2673 de
1527 2632 1614 2674 fato
1646 2633 1788 2675 relatis

310 2715 431 2764 atqu-¹
475 2713 671 2766 expositis
716 2714 926 2754 videamus
970 2714 1134 2768 qualem
1179 2714 1345 2756 finxerit
1383 2714 1595 2769 Vergilius
1639 2714 1788 2756 Jovem

311 2794 559 2835 Saturnium.
622 2795 817 2849 Epitheta
849 2795 978 2846 Jovis,
1011 2796 1074 2837 dei
1107 2796 1253 2850 optimi
1286 2797 1466 2848 maximi,
1497 2797 1607 2852 apud
1638 2796 1788 2853 Vergi-

1892 494 1906 502 b
