2117 3482
1123 146 1714 288 W?
1755 146 1757 149 ’

1367 329 1641 398 733659

549 589 647 662 De
697 589 880 661 Jove
932 593 1005 661 et
1054 588 1210 661 fato

430 720 486 772 in
524 720 572 773 Ρ.
606 719 799 786 Vergili
836 719 1058 773 Maronis
1097 720 1330 773 Aeneide.

253 848 377 894 Sors.
429 850 496 891 Ad
526 849 841 904 significandam
874 849 951 890 fati
973 849 1058 889 vim
1080 848 1122 890 in
1144 849 1326 891 Aeneide
1354 852 1625 904 usurpantur:

133 946 240 983 som,
284 932 468 974 eiusdem
498 931 640 986 stirpis
671 934 796 985 atque
828 931 984 982 sortiri,
1030 946 1112 986 qua
1143 932 1186 972 in
1216 932 1520 987 significatione
1552 946 1623 972 na-

133 1015 259 1056 turali
291 1019 331 1057 et
363 1014 581 1069 principali
612 1013 822 1055 invenitur
853 1012 883 1056 I.
918 1018 1018 1055 507:

333 1098 425 1139 iura
455 1097 580 1138 dabat
610 1096 806 1152 legesque
839 1096 938 1137 viris
971 1111 1226 1151 operumque
1257 1097 1443 1138 laborem

333 1179 524 1235 partibus
555 1179 762 1233 aequabat
794 1179 914 1220 iustis
945 1183 1017 1220 aut
1049 1182 1160 1221 sorte
1192 1179 1397 1221 trahebat.

133 1263 276 1304 eodem
308 1277 448 1303 sensu:
480 1261 533 1303 II.
568 1266 670 1311 2013
702 1261 772 1303 IX.
807 1267 889 1303 268
924 1265 997 1303 etc,
1031 1265 1106 1303 etc.
1160 1261 1232 1303 VI.
1267 1267 1368 1304 431:

272 1360 346 1386 nec
377 1359 474 1386 vero
506 1344 583 1385 hae
614 1345 702 1386 sine
734 1348 844 1385 sorte
877 1345 1007 1393 datae,
1039 1345 1126 1386 sine
1158 1345 1303 1395 iudice,
1335 1345 1466 1386 sedes:

273 1427 483 1482 quaesitor
514 1427 651 1469 Minos
683 1443 830 1468 urnam
862 1432 1012 1469 movet.

250 1510 340 1560 Quo
371 1511 462 1551 loco
494 1510 683 1551 nonnulli
714 1510 960 1565 interpretes
997 1516 1135 1561 „sors“
1172 1514 1386 1552 verterunt
1418 1510 1620 1552 vocabulo

128 1593 219 1643 fati,
250 1594 363 1648 quod
393 1597 534 1635 autem
556 1593 752 1635 vitiosum
785 1608 871 1635 esse
904 1594 1107 1636 existimo.
1160 1593 1238 1635 Hic
1271 1597 1393 1648 poeta
1423 1594 1489 1635 sui
1515 1597 1617 1635 tem-

129 1676 241 1731 poris
271 1691 407 1718 mores
445 1679 569 1731 atque
601 1677 919 1718 consuetudines
950 1677 992 1718 in
1024 1676 1240 1718 coelicolas
1271 1676 1496 1718 transtulit.
1558 1675 1619 1717 Ut

129 1759 237 1800 enim
266 1759 446 1801 Romani
476 1760 757 1801 sortiebantur
788 1760 956 1809 iudices,
987 1760 1043 1800 sic
1077 1763 1116 1801 et
1148 1759 1292 1801 inferis
1323 1759 1477 1800 iudices
1509 1762 1620 1800 sorte

128 1842 254 1884 dabat
284 1842 479 1897 Juppiter
523 1843 784 1897 omnipotens
828 1846 869 1884 et
906 1843 1116 1897 quaesitor
1148 1842 1284 1884 Minos
1322 1846 1433 1883 sorte
1471 1842 1619 1883 ductus

127 1939 274 1966 urnam
305 1929 455 1967 movet.

244 2008 289 2063 b)
321 2008 561 2063 significans
593 2008 770 2059 oracula,
803 2008 913 2049 dicta
945 2009 1115 2049 deorum
1148 2012 1195 2050 ut
1226 2007 1299 2049 IV.
1334 2012 1434 2049 345:

338 2091 408 2132 sed
441 2106 549 2132 nunc
581 2090 746 2133 Italiam
778 2106 974 2147 magnam
1008 2090 1196 2146 Gryneus
1228 2090 1393 2145 Apollo,

337 2172 504 2214 Italiam
537 2173 687 2229 Lyciae
718 2174 873 2215 iussere
906 2188 1115 2228 capessere
1147 2177 1291 2215 sortes.

125 2255 268 2297 eodem
300 2271 442 2297 sensu:
477 2255 549 2299 VI.
586 2261 657 2305 723
690 2255 784 2298 VII.
819 2261 920 2305 2693
953 2255 1022 2297 XI.
1058 2260 1154 2298 110.

242 2340 280 2393 c)
312 2339 422 2380 idem
454 2339 566 2381 valet
598 2343 722 2394 atque
755 2339 902 2389 exitus,
934 2354 1064 2389 casus,
1096 2339 1190 2380 finis
1222 2342 1269 2380 ut
1300 2339 1349 2381 X.
1383 2343 1484 2381 450:

511 2456 517 2463 .
551 2458 558 2463 .
593 2457 600 2464 .
634 2422 737 2464 sorti
769 2426 886 2476 pater
917 2437 1038 2463 aecus
1070 2422 1288 2476 utriquest.

125 2503 195 2555 XI,
230 2508 330 2546 165:
586 2540 593 2547 .
627 2540 634 2546 .
668 2540 675 2546 .
710 2538 717 2546 .
750 2520 839 2546 sors
871 2505 951 2546 ista
983 2508 1170 2546 senectae

584 2588 724 2629 debita
756 2591 844 2629 erat
876 2592 1050 2630 nostrae.

123 2683 200 2723 pro
232 2684 278 2711 ea
310 2685 415 2725 quae
447 2674 557 2712 sorte
590 2670 729 2712 debita
761 2666 858 2712 sunt
889 2674 1086 2712 senectae.
1148 2670 1197 2711 V.
1234 2675 1334 2712 190:

365 2752 560 2794 Hectorei
591 2753 703 2801 socii,
737 2753 885 2794 Troiae
919 2768 1022 2807 quos
1054 2758 1163 2795 sorte
1195 2769 1387 2808 suprema

366 2835 501 2891 delegi
534 2836 703 2877 comites

122 2932 198 2972 pro
232 2932 314 2972 quo
346 2917 397 2959 II.
427 2924 508 2960 507
544 2919 711 2961 dicitur:
744 2919 859 2960 urbis
891 2922 1034 2974 captae
1067 2934 1184 2960 casus

242 3001 283 3057 d)
317 3016 483 3043 sensum
515 3002 710 3044 fortunae
742 3003 901 3044 habens
932 3007 979 3044 ut
1010 3001 1101 3044 XII.
1137 3008 1208 3044 54:

1178 460 1449 515 UNWERSITY
1486 457 1542 506 of
1575 448 1792 502 TORONTO
