1976 3401
141 235 215 279 III.
237 240 321 278 250
343 250 445 290 sqq.,
476 250 559 290 quo
594 235 768 277 Celaeno
801 235 982 276 maxima
1014 234 1219 276 furiarum
1253 234 1503 276 Dardanidis
1535 249 1634 289 pan-

141 319 213 370 dit,
244 332 351 373 quae
382 317 580 359 Phoebus
611 317 765 372 Apollo
799 317 834 359 ei
866 317 1138 371 praedixerat.

140 399 212 442 III.
247 405 328 442 359
363 415 451 454 sqq.
484 414 566 455 quo
599 401 760 441 Aeneas
791 399 953 454 quaesit
985 398 1192 440 Helenum

228 482 507 538 Troiagenam
538 483 807 536 interpretem
839 481 990 531 divom,
1023 482 1096 535 qui
1127 481 1298 522 numina
1331 481 1503 531 Phoebi,

229 565 301 619 qui
331 565 529 620 tripodas,
561 564 687 606 Clarii
718 564 873 614 laurus,
905 564 978 618 qui
1009 564 1143 605 sidera
1173 564 1300 605 sentit

228 651 269 689 et
300 647 518 689 volucrum
548 647 715 702 linguas
748 650 789 688 et
820 646 1026 701 praepetis
1058 646 1197 694 omina
1228 647 1389 701 pinnae.

138 730 189 772 X.
212 734 294 771 417
330 744 412 784 quo
443 730 608 785 genitor
633 728 803 770 Halaesi
834 729 922 770 fata
954 743 1101 770 cavens
1123 728 1263 784 filium¹
1279 728 1395 770 silvis
1417 729 1631 770 celaverat.

138 811 210 854 III.
246 817 327 854 183
361 812 471 854 canit
501 812 588 853 sola
617 811 845 853 Cassandra
877 811 1083 852 Anchisae
1115 825 1233 852 casus
1266 811 1429 867 generis
1452 811 1630 853 Teucro-

137 910 231 936 rum
264 898 305 936 et
336 894 388 936 Π.
422 899 504 936 246
539 895 672 949 aperit
703 894 847 935 eadem
878 894 977 935 fatis
1016 893 1170 935 futuris
1202 908 1274 935 ora
1305 894 1371 935 dei
1401 894 1517 935 iussu
1548 909 1631 936 non

137 993 321 1033 unquam
370 977 526 1019 credita
570 977 750 1018 Teucris.
812 976 906 1018 VII.
940 981 993 1018 96
1027 991 1115 1031 sqq.
1160 991 1242 1031 quo
1286 976 1455 1018 Faunus
1492 976 1631 1018 Latini

137 1061 248 1116 regis
280 1061 444 1116 genitor
475 1060 691 1116 progeniei
722 1059 845 1110 canit,
877 1074 927 1101 ne
959 1063 1075 1114 petat

354 1176 362 1186 .
392 1177 399 1184 .
432 1177 440 1184 .
475 1176 482 1183 .
515 1142 702 1184 conubiis
733 1146 872 1183 natam
906 1143 1063 1183 sociare
1095 1142 1264 1184 Latinis.

349 1225 508 1266 externi
538 1225 705 1266 venient
735 1225 890 1280 generi,
922 1225 994 1279 qui
1026 1225 1229 1280 sanguine
1262 1228 1450 1266 nostrum

348 1322 499 1350 nomen
530 1308 573 1348 in
605 1311 718 1349 astra
749 1307 897 1349 ferant.

255 1390 430 1432 Restant
460 1389 511 1432 H.
549 1395 650 1440 1223
682 1389 775 1431 VII.
812 1395 883 1438 793
915 1389 1030 1432 VIII.
1060 1395 1142 1432 499
1178 1405 1259 1444 quo
1292 1390 1480 1432 universe
1513 1394 1627 1433 vates

138 1477 178 1515 et
210 1473 418 1528 haruspex
449 1473 537 1515 fata
569 1477 731 1515 canunt.

255 1562 291 1598 2.
329 1556 394 1597 dei
426 1560 472 1597 ut
503 1555 719 1597 Vulcanus
751 1555 866 1598 VIII.
901 1560 981 1597 627
1017 1556 1120 1597 haut
1152 1559 1296 1597 vatum
1327 1556 1497 1612 ignarus
1530 1571 1626 1598 ven·

133 1640 299 1693 turique
330 1639 484 1680 inscius
516 1640 617 1681 aevi.
662 1638 691 1681 I.
717 1644 769 1680 39
804 1639 915 1680 Juno
947 1654 1031 1680 non
1063 1642 1199 1693 potest
1226 1638 1348 1681 Italia
1371 1639 1625 1681 Teucrorum

133 1726 317 1764 avertere
361 1737 504 1778 regem
542 1723 696 1777 quippe
729 1726 871 1764 vetant
909 1723 1014 1773 fata,
1060 1737 1159 1778 ergo
1198 1723 1380 1777 praescia
1419 1726 1481 1764 est
1512 1722 1624 1764 Juno

133 1806 316 1856 venturi;
360 1805 471 1859 quod
514 1805 704 1861 intellegi
747 1808 886 1859 potest
930 1805 1056 1846 etiam
1095 1820 1144 1846 ex
1175 1804 1268 1846 XII.
1303 1809 1384 1846 808
1420 1820 1502 1859 quo
1534 1805 1624 1847 loco

132 1888 266 1929 lucide
298 1887 418 1930 Jovis
451 1888 709 1929 voluntatem
741 1888 766 1928 i.
799 1903 831 1929 e.
863 1888 999 1928 fatum
1022 1887 1153 1928 Turni
1174 1887 1330 1928 Junom'
1362 1891 1506 1929 notam
1537 1903 1624 1930 esse

131 1971 297 2027 legitur.
360 1970 411 2012 V.
437 1975 519 2012 704
552 1970 740 2012 Tritonia
772 1970 923 2020 Pallas,
956 1985 1061 2024 quae
1093 1971 1245 2012 seniori
1266 1970 1397 2012 Nauti
1429 1985 1623 2025 responsa

132 2054 258 2095 dabat

344 2170 352 2178 .
386 2168 394 2178 .
427 2171 435 2178 .
470 2170 476 2176 .
510 2136 577 2178 vel
609 2151 714 2190 quae
747 2136 1012 2190 portenderet
1042 2136 1105 2177 ira

342 2234 496 2275 magna
527 2219 651 2261 deum
681 2219 747 2260 vel
779 2234 884 2273 quae
916 2219 1099 2260 fatorum
1130 2222 1318 2273 posceret
1349 2220 1449 2261 ordo

131 2300 203 2343 HI.
239 2306 320 2343 148
354 2316 442 2356 sqq.
475 2301 638 2357 effigies
670 2316 810 2343 sacrae
844 2302 982 2342 divom
1015 2301 1274 2358 Phrygiique
1306 2308 1476 2356 penates

290 2419 297 2426 .
331 2418 339 2426 .
373 2419 381 2426 .
414 2385 472 2426 sic
503 2384 636 2425 adfari
668 2387 708 2426 et
740 2399 858 2425 curas
890 2384 955 2425 his
989 2384 1149 2426 demere
1182 2385 1302 2426 dictis

248 2468 359 2522 quod
389 2467 468 2508 tibi
500 2467 636 2508 delato
670 2466 891 2523 Ortygiam
922 2467 1107 2508 dicturus
1138 2467 1294 2522 Apollo
1327 2471 1401 2518 est,

246 2549 314 2590 hic
345 2550 456 2591 canit
487 2553 528 2591 et
559 2553 633 2591 tua
664 2564 739 2590 nos
771 2564 822 2590 en
854 2549 964 2590 ultro
998 2549 1049 2590 ad
1079 2549 1225 2590 limina
1256 2550 1388 2592 mittit
1420 2554 1492 2592 etc.

248 2631 308 2673 Ut
338 2635 478 2674 autem
509 2632 576 2673 hic
609 2632 796 2673 omnium
818 2635 963 2673 vatum
991 2635 1135 2673 auctor
1156 2632 1311 2686 Apollo
1334 2633 1497 2675 videtur
1519 2649 1617 2685 esse,

128 2714 185 2755 sic
219 2714 344 2755 etiam
375 2713 448 2756 III.
483 2719 584 2764 250;
615 2713 689 2756 ΠΙ.
713 2719 814 2763 359;
846 2714 898 2756 ΙΙ.
922 2719 1025 2763 246;
1056 2713 1128 2755 VI.
1154 2720 1204 2756 77
1240 2715 1392 2769 quibus
1424 2716 1616 2757 omnibus

127 2798 230 2839 locis
261 2801 302 2839 et
334 2796 510 2839 Celaeno
548 2798 659 2839 furia
697 2802 737 2839 et
769 2797 954 2839 Helenus
992 2801 1033 2840 et
1066 2797 1294 2839 Cassandra
1326 2802 1367 2840 et
1398 2798 1615 2853 Deiphobe
