1976 3401
915 144 1205 181 ..16-

319 262 427 300 recte
460 257 681 311 explanata
717 257 803 298 sive
840 272 923 298 non
955 257 1251 312 comprehensa
1281 261 1328 298 ut
1359 258 1483 300 etiam
1514 258 1584 301 IX.
1621 263 1700 301 135
1734 263 1800 302 sat

318 340 417 381 fatis
449 339 684 394 Venerique
722 339 884 389 datum,
927 340 1102 395 tetigere
1139 339 1249 394 quod
1282 354 1381 381 arva
1411 340 1561 383 fertilis
1592 342 1801 384 Ausoniae

319 422 458 463 Troes.

435 503 610 544 Restant
640 507 778 545 autem
814 509 837 544 4
869 503 949 544 loci
980 502 1031 545 II.
1067 507 1165 545 778:

401 620 408 628 .
442 620 448 627 .
482 600 554 628 nec
585 590 626 627 te
659 586 754 627 hinc
785 586 976 627 comitem
1009 589 1221 640 asportare
1253 585 1448 628 Creusam

317 669 380 709 fas
411 672 483 709 aut
514 668 583 709 ille
616 668 715 710 sinit
745 669 884 722 superi
916 671 1113 723 regnator
1145 668 1323 723 Olympi.
1386 668 1458 711 IV.
1493 674 1593 711 651:

318 751 456 792 dulces
488 751 670 801 exuviae,
703 751 801 791 dum
833 751 921 792 fata
953 750 1134 805 deusque
1166 751 1368 793 sinebant.
1431 751 1543 794 VIII.
1577 755 1679 794 398:

317 848 390 875 nec
422 837 540 888 pater
571 833 832 888 omnipotens
864 833 1032 874 Troiam
1063 848 1138 875 nec
1167 833 1255 875 fata
1286 834 1484 876 vetabant

317 919 425 957 stare
457 916 680 970 decemque
707 916 811 957 alios
833 915 1046 974 Priamum
1068 931 1282 971 superesse
1304 931 1376 971 per
1397 931 1537 959 annos.
1570 915 1682 959 VIII.
1699 922 1799 960 572:

318 1001 361 1039 at
392 1012 465 1039 vos
497 1012 521 1039 o
553 998 691 1052 superi
725 1002 766 1039 et
797 998 937 1039 divom
968 1002 1015 1039 tu
1047 1013 1240 1040 maxume
1271 1002 1406 1040 rector

318 1080 523 1134 Juppiter,
554 1080 734 1130 Arcadii,
766 1095 918 1135 quaeso
950 1081 1199 1122 miserescite
1230 1081 1341 1136 regis

316 1166 357 1203 et
388 1162 545 1216 patrias
577 1162 716 1204 audite
747 1177 900 1216 preces,
931 1163 965 1203 si
998 1163 1169 1204 numina
1199 1166 1336 1204 vestra

316 1244 564 1286 incolumem
597 1244 790 1286 Pallanta
822 1245 936 1295 mihi,
967 1245 1001 1286 si
1033 1245 1120 1286 fata
1150 1249 1371 1288 reservant.
1403 1261 1491 1301 sqq.

435 1326 595 1377 Quibus
616 1327 809 1369 omnibus
831 1327 932 1368 locis
953 1328 1086 1369 fatum
1109 1343 1185 1382 par
1205 1331 1330 1383 atque
1352 1328 1460 1370 idem
1482 1329 1592 1383 quod
1606 1328 1633 1370 J
1637 1329 1801 1384 uppiter

317 1413 395 1458 est;
439 1413 482 1451 at
519 1410 618 1464 quid
656 1410 990 1465 praeponendum
1029 1410 1084 1452 sit
1122 1425 1171 1451 ex
1208 1410 1291 1452 illis
1329 1411 1495 1465 quidem
1526 1411 1627 1453 locis
1658 1411 1800 1467 colligi

316 1507 397 1534 non
430 1496 578 1547 potest.

434 1576 489 1618 X.
512 1576 549 1618 8.
592 1575 832 1630 Separatam
855 1578 994 1616 autem
1018 1579 1142 1629 atque
1163 1579 1396 1617 accuratam
1418 1576 1801 1630 interpretationem

315 1658 488 1714 exigunt
519 1658 568 1699 X.
603 1662 626 1699 8
660 1661 702 1699 et
732 1657 802 1699 IX.
837 1662 902 1699 94.

434 1741 482 1783 X.
516 1745 559 1782 8:
591 1741 816 1782 abnueram
848 1740 959 1782 bello
992 1740 1156 1782 Italiam
1187 1755 1427 1782 concurrere
1460 1741 1639 1783 Teucris.

434 1823 629 1865 Adnuere
674 1824 782 1878 apud
820 1823 1057 1880 Vergilium
1101 1824 1326 1865 invenitur:
1377 1822 1406 1866 I.
1441 1828 1544 1873 2503
1594 1823 1664 1865 IX.
1699 1827 1801 1872 106:

316 1906 386 1949 IX.
412 1911 513 1956 6253
545 1906 593 1948 X.
620 1910 720 1955 115;
752 1905 822 1948 XI.
848 1912 920 1955 20;
953 1906 1022 1948 XI.
1049 1911 1150 1955 797:
1182 1905 1273 1948 XII.
1299 1911 1378 1948 187
1414 1906 1524 1960 quod
1555 1909 1603 1948 ut
1629 1910 1802 1969 apparet

316 2003 365 2030 ex
397 1987 467 2030 IX.
503 1993 604 2037 1063
648 1988 697 2029 X.
737 1992 815 2030 115
860 1989 1079 2030 consilium
1117 1988 1237 2030 Jovis
1280 1988 1540 2030 immutabile
1583 1989 1801 2030 confirmat

316 2071 522 2125 fidemque
566 2071 680 2112 addit
711 2070 848 2127 Stygii
887 2086 960 2126 per
997 2071 1168 2112 flumina
1207 2072 1348 2113 fratris
1379 2086 1452 2126 per
1482 2071 1573 2125 pice
1604 2072 1800 2113 torrentis

315 2157 487 2208 atraque
509 2154 707 2209 voragine
737 2154 860 2208 ripas.
913 2153 994 2195 Per
1025 2154 1258 2210 analogiam
1291 2158 1588 2208 consequenter
1619 2154 1799 2196 abnuere

315 2237 542 2278 declararet
584 2236 849 2278 interdictum
882 2236 1001 2278 Jovis
1043 2237 1320 2288 immutabile,
1364 2237 1429 2278 cui
1467 2236 1582 2278 nulla
1619 2237 1799 2278 universi

316 2322 500 2373 potestas
549 2333 681 2374 neque
731 2319 920 2360 mortalis
970 2334 1102 2374 neque
1152 2319 1333 2360 numinis
1375 2333 1608 2375 repugnare
1651 2322 1797 2373 potest.

316 2401 600 2443 Nihilominus
622 2402 829 2443 Junonem
853 2402 1022 2443 Teucris
1055 2402 1164 2444 bello
1192 2416 1431 2444 concurrere
1452 2401 1642 2457 legimus,
1694 2401 1797 2443 Ver—

317 2485 465 2540 gilium
504 2488 734 2526 extremum
774 2484 1029 2539 perpoliendi
1062 2485 1198 2539 operis
1230 2485 1414 2526 laborem
1446 2499 1528 2525 non
1559 2484 1798 2525 adhibuisse

319 2567 382 2608 vel
424 2567 563 2621 potius
607 2567 801 2608 adhibere
844 2581 925 2608 non
970 2568 1152 2621 potuisse
1195 2567 1316 2622 plane
1358 2566 1550 2608 illustrat.
1617 2565 1797 2608 Tantum

317 2649 434 2690 abest
477 2652 524 2690 ut
555 2648 750 2703 Juppiter
792 2650 948 2690 abnuat
991 2649 1101 2691 bello
1139 2649 1302 2690 Italiam
1347 2663 1586 2690 concurrere
1618 2647 1798 2698 Teucris,

318 2736 364 2772 ut
395 2731 632 2785 praedicens
664 2731 816 2772 Veneri
848 2732 935 2773 fata
967 2732 1249 2772 Dardanidum
1283 2734 1401 2772 canat
1433 2730 1462 2772 l.
1496 2735 1596 2772 262:

458 2813 525 2854 hic
556 2813 714 2854 bellum
746 2814 892 2865 ingens
923 2817 1040 2869 geret
1072 2812 1192 2855 Italia
1224 2812 1480 2867 populosque
1512 2813 1668 2855 feroces
