1976 3401
685 146 978 183 —15-,.

206 256 415 298 Junonem
446 272 497 298 ne
528 257 655 314 longa
686 259 772 300 dies
804 274 936 313 neque
964 258 1049 300 ulla
1071 259 1202 312 pietas
1224 259 1404 315 mitigat,
1436 261 1574 302 omnia

89 341 228 380 movet
265 342 306 380 et
342 325 514 394 superos
553 344 594 382 et
625 341 862 383 Acheronta
893 339 985 383 VII.
1020 344 1102 382 312
1135 355 1268 395 neque
1300 343 1424 384 etiam
1456 358 1573 384 revo-

88 424 183 462 cant
213 421 331 463 Jovis
362 422 548 476 imperia,
579 424 707 465 iussa:
740 424 909 479 naviget
939 424 982 464 in
1014 422 1179 464 Italiam
1211 439 1294 478 qua
1325 439 1457 480 genus
1488 426 1573 467 alto

85 518 110 544 a
141 504 342 559 sanguine
364 504 513 546 Teucri
543 506 735 560 proderet
765 520 811 547 ac
832 509 969 547 totum
990 506 1068 547 sub
1090 506 1203 561 leges
1225 507 1409 549 mitteret
1430 508 1574 549 orbem

85 585 158 628 IV.
192 591 274 628 239
320 591 361 629 et
392 587 556 629 Junone
601 592 767 630 auctore
811 591 964 629 matres
1007 588 1050 629 in
1087 588 1248 630 Siculae
1286 590 1396 631 arvis
1432 590 1572 646 ignem

86 668 190 710 focis
222 671 505 724 penetralibus
537 671 706 725 rapiunt
737 671 928 725 facesque
955 671 998 712 in
1020 686 1145 713 naves
1167 673 1376 713 coniciunt
1398 672 1448 714 V.
1472 678 1574 723 660;

84 766 217 806 neque
249 753 336 794 fato
369 754 544 808 quiescit
574 753 706 794 fracta
735 768 990 808 quamquam
1023 754 1121 795 fatis
1143 754 1398 797 Teucrorum
1431 771 1573 812 regem

84 834 268 876 Aeneam
300 835 342 876 in
374 835 539 877 Italiam
571 839 793 877 venturum
825 851 908 877 non
938 840 1076 892 negat.

204 917 356 959 Fatum
398 933 471 972 per
514 933 556 959 se
600 918 868 960 ineluctabile
919 922 981 961 est
1023 934 1106 974 qua
1149 920 1198 961 de
1243 935 1366 961 causa
1409 920 1573 962 Aeneae

83 999 249 1056 legatus
285 1001 466 1043 Ilioneus
498 1000 592 1043 VH.
626 1007 709 1044 234
743 1003 831 1044 fata
862 1017 935 1057 per
967 1003 1131 1044 Aeneae
1162 1003 1290 1055 iurat,
1334 1004 1404 1045 sed
1436 1018 1574 1045 moras

82 1083 178 1124 addi
209 1084 426 1138 fatumque
449 1084 570 1135 trahi,
602 1085 781 1139 proferri
803 1086 889 1126 deis
911 1089 1035 1140 atque
1058 1086 1297 1128 hominibus
1318 1087 1574 1140 permittitur

82 1166 193 1219 quod
236 1166 278 1206 in
321 1166 413 1207 aliis
457 1171 629 1222 apparet
672 1183 721 1210 ex
754 1167 804 1209 ΙΙ.
840 1173 922 1210 653
962 1183 1045 1223 quo
1077 1169 1240 1210 Aeneas
1277 1173 1318 1210 et
1349 1169 1500 1211 Creusa
1533 1174 1573 1211 et

81 1247 285 1290 Ascanius
317 1252 358 1291 et
389 1251 523 1291 omnis
555 1251 702 1292 domus
734 1254 892 1305 patrem
927 1252 1156 1302 obsecrant,
1187 1267 1238 1293 ne
1267 1252 1354 1293 fato
1376 1253 1572 1308 urguenti

30 1334 34 1336 ’
80 1330 296 1373 incumbat
327 1335 368 1373 et
390 1332 481 1374 XII.
507 1338 588 1374 395
623 1348 706 1388 quo
739 1334 858 1389 Japis
880 1333 1077 1376 Phoebus
1110 1335 1296 1385 dilectus,
1328 1338 1375 1376 ut
1397 1336 1571 1389 depositi

81 1414 286 1467 proferret
329 1416 416 1457 fata
458 1416 642 1470 parentis
685 1417 789 1458 scire
833 1420 1060 1471 potestates
1104 1418 1328 1459 herbarum
1368 1433 1571 1472 usumque

0 1537 1 1543 ,
80 1497 270 1538 medendi
301 1498 450 1540 maluit
481 1502 522 1540 et
553 1498 646 1540 VII.
681 1503 763 1541 313
798 1499 924 1541 Juno:

224 1595 306 1622 non
338 1581 506 1623 dabitur
537 1583 677 1638 regnis
710 1586 797 1624 esto
828 1582 1050 1637 prohibere
1082 1582 1252 1633 Latinis,

224 1666 348 1718 atque
380 1664 554 1706 immota
585 1669 726 1707 manet
757 1665 856 1706 fatis
888 1666 1059 1707 Lavinia
1090 1666 1285 1707 coniunx:

223 1747 431 1789 attrahere
463 1751 587 1802 atque
619 1763 756 1790 moras
787 1748 915 1790 tantis
945 1749 1043 1790 licet
1074 1749 1222 1790 addere
1253 1750 1387 1791 rebus.

82 1832 123 1869 et
153 1828 203 1870 X.
239 1835 319 1871 622
354 1845 436 1885 quo
469 1831 675 1885 Juppiter'
697 1831 870 1882 junoni,
915 1835 962 1873 ut
993 1831 1181 1872 Turnum
1219 1832 1323 1888 fuga
1355 1833 1477 1874 tollat
1509 1836 1570 1874 at-

82 1926 162 1965 que
194 1913 445 1955 instantibus
478 1914 626 1968 eripiat
658 1914 756 1956 fatis
788 1915 1006 1969 permittit,
1038 1915 1072 1955 si
1106 1930 1220 1956 mora
1243 1916 1471 1969 praesentis
1497 1915 1571 1957 leti

82 1998 123 2036 et
154 1976 319 2051 tempus
351 1998 502 2038 caduco
534 1998 675 2039 iuveni
706 2001 860 2049 oratur,
891 1998 955 2039 sin
986 2001 1125 2039 autem
1158 1998 1248 2039 istis
1279 1999 1357 2039 sub
1380 1998 1572 2052 precibus

82 2077 206 2119 altior
236 2079 322 2120 ulla
353 2080 473 2122 venia
509 2080 612 2122 latet
643 2082 667 2121 i.
701 2096 733 2122 e.
766 2081 956 2122 Turnum
989 2085 1166 2122 mortem
1200 2081 1385 2137 effugere
1416 2081 1570 2122 fatum—

81 2176 162 2215 que
204 2163 359 2204 mutari
403 2178 496 2218 spes
534 2168 596 2205 est
633 2164 779 2206 inanis.
842 2164 962 2214 Quod
994 2165 1120 2205 etiam
1154 2165 1350 2218 explanat
1381 2164 1454 2205 IV.
1487 2169 1569 2206 696

80 2259 163 2298 quo
186 2245 390 2287 Didonem
423 2262 498 2288 nec
529 2247 617 2288 fato
648 2262 722 2289 nec
753 2251 887 2289 morte
919 2247 1068 2288 merita
1099 2247 1254 2301 perisse
1285 2247 1356 2287 sed
1377 2247 1572 2289 miseram

81 2330 176 2369 ante
208 2328 317 2370 diem
347 2330 570 2384 subitoque
602 2345 771 2372 accensa
793 2331 933 2372 furore
956 2330 1116 2372 dicitur.
1162 2330 1227 2371 Ex
1249 2345 1332 2384 quo
1355 2330 1572 2371 conficitur

80 2413 129 2451 ut
171 2412 358 2453 mortalis
397 2412 502 2455 Jove
546 2414 792 2455 concedente
831 2417 872 2455 et
909 2414 1080 2455 instanti
1113 2413 1237 2454 morti
1269 2413 1373 2467 eripi
1405 2416 1446 2454 et
1477 2416 1572 2454 ante

80 2493 190 2534 diem
233 2495 365 2548 perire
409 2496 550 2550 possit.
613 2496 731 2546 Quod
775 2500 915 2537 autem
953 2497 1088 2538 fatum
1126 2511 1198 2551 per
1236 2511 1278 2537 se
1310 2496 1572 2537 immutabile

80 2581 159 2628 est,
202 2578 397 2633 Juppiter
433 2579 587 2621 Veneri
629 2580 718 2621 iure
755 2579 786 2621 Ι.
820 2584 920 2621 257;
971 2580 1091 2621 differ
1133 2583 1298 2633 tempus
1340 2579 1571 2633 paululum,

80 2664 248 2702 manent
291 2661 370 2703 tibi
411 2662 585 2704 immota
622 2666 791 2704 tuorum
829 2662 933 2713 fata,
977 2677 1245 2716 quaecunque
1277 2661 1389 2703 Juno
1421 2661 1573 2703 confiat

79 2746 204 2798 atque
235 2744 417 2786 molitur.

79 2830 122 2867 et
152 2827 202 2869 X.
238 2831 337 2869 113:
381 2827 469 2869 fata
506 2828 617 2869 viam
655 2828 865 2870 invenient
902 2828 988 2869 sive
1026 2827 1210 2878 oracula,
1254 2828 1362 2868 dicta
1400 2827 1572 2868 deorum
