1976 3401
793 161 1083 197 -17-

336 270 568 319 contendet,
599 285 815 326 moresque
848 273 945 314 viris
976 278 1017 316 et
1048 275 1209 317 moenia
1240 280 1376 330 ponet,

336 350 459 392 tertia
491 351 590 393 dum
621 352 738 395 Latio
770 358 1011 410 regnantem
1044 358 1192 399 viderit
1223 362 1355 401 aestas

335 436 536 487 ternaque
567 436 806 478 transierint
836 437 1005 480 Rutulis
1036 439 1208 482 hiberna
1238 442 1430 484 subactis.

193 517 235 556 et
267 514 379 556 Juno
411 514 503 557 VH.
538 520 639 558 313:

334 612 417 639 non
449 598 616 640 dabitur
647 601 785 655 regnis
817 606 904 643 esto
936 603 1156 657 prohibere
1188 604 1345 647 Latinis

296 722 299 723 γ
334 684 460 735 atque
491 681 666 722 immota
698 686 836 725 manet
866 684 964 726 fatis
996 685 1166 727 Lavinia
1198 687 1393 729 coniunx:

334 766 378 804 at
408 763 573 805 trahere
604 768 729 818 atque
762 780 896 808 moras
928 767 1034 808 tanti
1065 768 1162 809 licet
1193 769 1340 811 addere
1371 771 1505 821 rebus,

335 847 380 887 at
410 845 508 887 licet
539 846 758 888 amborum
790 848 966 902 populos
998 850 1210 892 excindere
1242 866 1399 907 regum.

191 942 275 982 quo
303 927 461 970 Junoni
492 928 710 970 amborum
741 944 888 985 regum
919 932 1094 985 populos
1125 933 1285 974 excindi
1316 949 1339 975 a
1370 934 1474 976 Jove
1506 937 1672 990 permit-

191 1009 313 1060 titur,
361 1011 499 1064 priore
541 1014 681 1052 autem
724 1011 814 1054 loco
859 1013 1040 1054 Aeneam
1084 1015 1241 1056 bellum
1283 1015 1427 1071 ingens
1469 1017 1512 1059 in
1554 1018 1674 1061 Italia

191 1095 410 1148 gesturum
442 1093 703 1148 Rutulosque
735 1095 943 1137 victurum
974 1095 1127 1138 Veneri
1158 1097 1264 1139 Zeus
1295 1099 1503 1152 praedicit.

310 1175 530 1217 Praeterea
552 1175 603 1218 V.
629 1180 711 1218 730
745 1192 827 1231 quo
859 1178 1008 1219 somnii
1040 1179 1194 1233 species
1225 1195 1249 1221 a
1280 1179 1384 1222 Jove
1415 1182 1539 1224 missa
1569 1183 1673 1225 facie

191 1258 375 1312 parentis
406 1258 615 1300 Anchisae
647 1259 735 1300 filio
767 1260 878 1302 canit
909 1275 1044 1302 voces:

588 1375 597 1382 .
631 1375 638 1383 .
667 1357 769 1397 gens
801 1343 904 1384 dura
935 1347 1059 1398 atque
1090 1359 1235 1398 aspera
1266 1345 1380 1387 cultu

506 1424 749 1465 debellenda
780 1425 858 1466 tibi
889 1429 950 1467 est
981 1425 1110 1468 Latio.

190 1510 232 1549 et
263 1510 474 1561 postremo
506 1506 723 1561 Deiphobe
755 1506 901 1549 Glauci
932 1508 1094 1550 Aeneae
1126 1509 1235 1550 canit
1266 1509 1337 1550 VI.
1371 1515 1441 1551 86:

363 1624 371 1632 .
407 1623 415 1630 .
447 1622 457 1631 .
490 1621 499 1632 .
532 1589 655 1640 bella,
687 1590 856 1631 horrida
887 1591 997 1632 bella

361 1676 404 1714 et
435 1673 642 1727 Thybrim
672 1673 805 1714 multo
838 1678 1099 1728 spumantem
1129 1675 1327 1730 sanguine
1360 1690 1490 1716 cerno.

362 1770 445 1797 non
477 1755 628 1798 Simois
659 1756 737 1798 tibi
768 1771 842 1798 nec
874 1756 1066 1798 Xanthus
1097 1772 1171 1798 nec
1202 1757 1351 1798 Dorica
1383 1762 1515 1799 castra

363 1838 589 1887 defuerint;
620 1839 727 1880 alius
758 1838 876 1880 Latio
908 1840 991 1880 iam
1022 1843 1165 1894 partus
1196 1839 1380 1881 Achilles

364 1924 486 1963 natus
518 1925 560 1963 et
589 1921 677 1976 ipse
710 1922 796 1963 dea.

309 2004 553 2059 Deiphobae
597 2004 743 2046 Glauci
786 2004 980 2046 Phoebus
1023 2005 1174 2058 Apollo
1224 2005 1361 2046 omnia
1402 2005 1672 2059 praedixerat,

192 2087 380 2142 Apollini
412 2090 552 2128 autem
573 2087 779 2142 Juppiter.
831 2087 999 2128 Nullius
1030 2087 1159 2142 igitur
1180 2086 1328 2128 Jovem
1359 2087 1537 2128 abnuere
1564 2087 1672 2129 bello

191 2170 356 2212 Italiam
400 2185 641 2212 concurrere
676 2171 845 2212 Teucris
888 2170 1106 2211 mentionis
1149 2174 1210 2210 est
1242 2184 1373 2224 neque
1407 2170 1518 2210 aliud
1551 2169 1672 2210 relin-

183 2254 335 2308 -quitur
366 2253 447 2294 nisi
478 2253 602 2295 fateri
633 2254 838 2294 neminem
870 2252 1108 2293 mortalium
1130 2267 1180 2293 ne
1202 2255 1344 2307 poetas
1367 2252 1530 2306 quidem
1553 2252 1672 2306 culpa

192 2351 350 2378 vacare.
402 2335 605 2378 Universe
637 2339 777 2377 autem
800 2335 916 2376 Jovis
938 2334 1074 2376 verbis
1104 2334 1148 2375 in
1178 2334 1348 2375 deorum
1369 2334 1541 2375 concilio
1569 2334 1668 2374 nihi]

183 2422 333 2460 actum
364 2434 498 2473 neque
530 2419 728 2460 eximium
760 2418 916 2473 ingenii
947 2432 1118 2458 acumen
1150 2416 1384 2457 adhibuisse
1417 2416 1495 2457 dici
1525 2419 1672 2470 potest.

194 2501 465 2557 Perlegamus
497 2505 544 2543 ut
574 2501 764 2555 exemplo
796 2504 890 2541 utar
922 2499 970 2541 X.
1006 2503 1106 2541 107:

252 2599 358 2639 quae
389 2585 538 2639 cuique
571 2587 633 2626 est
663 2584 831 2625 fortuna
862 2582 995 2631 hodie,
1027 2596 1152 2636 qnam
1184 2581 1357 2635 quisque
1388 2584 1498 2622 secat
1528 2595 1642 2634 spem

252 2666 358 2708 Tros
390 2666 626 2708 Rutulusve
659 2670 753 2707 suat
784 2665 898 2706 nullo
931 2664 1164 2705 discrimine
1195 2663 1356 2704 habebo
1389 2666 1462 2704 etc.

310 2748 370 2790 At
401 2749 543 2804 paucis
574 2749 762 2790 versibus
792 2752 887 2802 post
908 2747 1112 2788 Venerem
1144 2749 1285 2787 contra
1306 2745 1423 2786 Jovis
1453 2745 1672 2798 imperium

183 2832 377 2882 Teucris,
409 2831 577 2874 Rutulis
610 2831 816 2872 Junonem
848 2830 1049 2871 auxilium
1082 2828 1188 2870 ferre
1210 2828 1364 2882 legitur
1386 2831 1425 2868 et
1447 2827 1534 2881 ipse
1556 2826 1671 2867 Jovis·
