1976 3401
762 109 1055 146 -21-

377 219 499 260 fabor
529 219 637 261 enim
670 221 833 274 quando
866 222 966 263 haec
997 226 1038 264 te
1070 238 1166 264 cura
1198 225 1404 266 remordet

378 301 546 356 longius
580 305 620 342 et
652 302 820 344 volvens
852 303 1036 345 fatorum
1067 320 1214 346 arcana
1246 308 1433 358 movebo,

166 399 292 439 quam
323 383 374 424 ad
406 398 493 424 rem
530 384 711 437 pertinet
748 385 872 426 etiam
904 385 975 427 ΙΠ.
1010 392 1092 429 250
1127 402 1208 442 quo
1241 388 1415 430 Celaeno
1446 390 1648 431 furiarum

166 465 347 507 maxima
371 465 533 506 Aeneae
565 466 676 506 canit
709 481 812 520 quae
845 468 881 508 ei
904 467 1100 510 Phoebus
1124 470 1286 524 Apollo,
1319 470 1489 513 Phoebo
1511 476 1648 514 autem

167 552 283 603 pater
320 547 581 602 omnipotens
618 549 888 602 praedixerat.
952 550 1111 600 Quibus
1148 556 1286 594 autem
1325 554 1518 596 omnibus
1550 556 1650 596 locis

166 631 207 672 vi
243 634 368 685 atque
406 631 652 672 auctoritate
683 630 710 671 J
713 646 831 673 ovem
869 634 955 674 fato
991 638 1199 688 praestare
1237 635 1496 689 aliquantum
1533 652 1649 691 prae-

166 717 337 756 currunt
367 713 398 756 Ι.
432 718 533 754 278:

377 796 444 837 his
475 810 554 852 ego
586 811 659 837 nec
692 792 823 838 metas
854 812 927 838 nec
959 802 1147 852 tempora
1179 814 1288 853 pono

378 879 599 933 imperium
631 879 718 919 sine
751 880 831 920 fine
864 880 967 929 dedi,
1000 895 1081 934 quo
1114 881 1308 936 Juppiter
1339 883 1438 937 ipse,

165 976 428 1016 nequaquam
459 961 594 1003 fatum
627 962 736 1015 quod
769 962 1069 1016 respiciendum
1102 967 1174 1014 est,
1206 979 1279 1005 nec
1302 968 1431 1006 metas
1453 980 1525 1006 nec
1547 969 1648 1007 tem-

166 1059 269 1099 pora
300 1044 587 1086 Romanorum
619 1044 793 1098 imperio
826 1045 956 1098 ponit.

284 1127 475 1169 Addendi
513 1131 611 1168 sunt
641 1126 691 1169 X.
727 1131 798 1177 183
840 1128 889 1170 X.
925 1133 1006 1169 100
1048 1129 1199 1182 quibus
1236 1130 1345 1183 patri
1377 1131 1651 1184 omnipotenti

166 1210 301 1264 prima
333 1214 457 1265 atque
489 1214 655 1252 aeterna
686 1214 870 1264 potestas
892 1211 1078 1252 omnium
1102 1226 1239 1252 rerum
1261 1212 1368 1253 inest
1390 1215 1430 1253 et
1452 1211 1542 1253 XII.
1567 1217 1648 1254 829

166 1308 249 1348 quo
294 1293 489 1348 Juppiter
537 1292 773 1347 appellatur
822 1293 1036 1334 hominum
1087 1309 1307 1348 rerumque
1351 1299 1536 1348 repertor
1579 1295 1651 1349 qui

166 1376 216 1417 X.
251 1382 302 1418 35
348 1391 455 1417 nova
498 1377 587 1417 fata
630 1376 802 1417 condere
847 1380 983 1430 potest
1027 1380 1068 1418 et
1104 1375 1176 1418 HI.
1211 1381 1292 1417 375
1334 1377 1650 1431 hominibusque

166 1460 334 1514 deisque
366 1459 454 1501 fata
484 1459 668 1501 sortitur.

285 1542 407 1584 Nunc
439 1546 579 1584 autem
611 1542 644 1583 si
673 1542 715 1582 in
738 1545 921 1583 extrema
943 1542 1287 1583 commentatione
1310 1541 1490 1582 breviter
1512 1542 1652 1595 paucis

167 1626 321 1677 verbis,
365 1626 465 1680 quid
507 1630 646 1666 actum
680 1628 803 1679 atque
837 1625 1027 1666 effectum
1061 1626 1132 1674 sit,
1164 1624 1504 1678 complectamur,
1535 1624 1651 1664 nullo

166 1707 330 1764 Vergili
375 1708 567 1750 carminis
604 1707 697 1748 loco
730 1707 877 1748 Jovem
916 1707 1003 1747 fato
1047 1707 1277 1747 subiectum
1323 1721 1408 1747 esse
1446 1706 1566 1760 plane
1605 1721 1651 1746 ao

168 1791 275 1832 clare
307 1791 387 1832 dici
419 1791 539 1832 nobis
571 1790 850 1832 confitendum
883 1793 954 1831 est.
1006 1788 1112 1830 Sunt
1143 1789 1310 1843 quidem
1341 1788 1529 1829 nonnulli
1561 1788 1650 1842 qui-

168 1875 246 1915 bus
277 1874 396 1916 Jovis
427 1873 614 1928 potentia
645 1876 686 1914 et
717 1873 794 1913 fati
825 1873 886 1913 vis
918 1872 1042 1913 simul
1074 1871 1276 1912 dominari
1308 1871 1509 1919 videntur,
1542 1870 1651 1924 quod

169 1960 309 1998 autem
341 1957 566 1998 revincitur
597 1971 644 1998 ac
676 1955 942 2011 redarguitur
974 1954 1074 1995 locis
1108 1953 1137 1995 I.
1168 1959 1269 2002 2783
1301 1954 1349 1994 X.
1376 1958 1444 2002 18;
1476 1953 1652 2001 X.100;

167 2039 260 2082 XII.
284 2044 386 2090 8293
418 2040 467 2082 X.
492 2045 565 2088 353
595 2038 668 2080 ΠΙ.
693 2043 743 2080 37
753 2045 774 2079 5
809 2038 960 2092 quibus
993 2053 1121 2077 unum
1153 2051 1238 2077 esse
1271 2037 1392 2077 deum
1424 2036 1489 2076 cui
1519 2035 1651 2090 prima

168 2127 293 2178 atque
337 2127 506 2165 aeterna
548 2122 648 2164 insit
690 2125 890 2176 potestas,
941 2120 1011 2174 qui
1056 2120 1260 2168 homines,
1303 2119 1390 2160 fata
1433 2118 1651 2171 omniaque

169 2207 397 2262 reppererit
429 2210 554 2261 atque
587 2205 814 2247 condiderit
845 2204 1057 2258 perspicue
1089 2207 1213 2257 atque
1245 2205 1384 2256 aperte
1415 2201 1580 2256 legitur.
