1976 3401
763 141 1025 177 —9-

157 270 399 311 promovere
443 269 563 296 nemo
606 257 743 309 potest
786 254 865 295 nisi
902 268 1094 308 persona,
1137 268 1230 295 cum
1269 253 1464 295 divinitas
1502 257 1549 295 ut
1579 268 1644 295 res

156 338 344 381 sensibus
380 352 463 379 non
500 338 686 379 subiecta
717 337 913 378 motionis
945 336 1113 390 quidem
1145 350 1312 390 compos
1343 350 1427 377 non
1458 336 1530 385 sit,
1573 336 1643 377 sed

156 426 296 464 tamen
327 421 502 462 actionis
532 420 621 462 sola
652 423 789 461 mente
821 419 1107 473 percipiendae
1140 421 1186 460 ut
1218 419 1345 459 animi
1371 421 1522 468 motus,
1553 433 1643 473 per-

157 503 408 546 turbationis
441 518 546 557 quae
579 503 775 544 nimirum
807 502 873 543 dei
904 501 1088 551 miscere,
1119 502 1236 551 ciere,
1268 502 1428 556 agitare
1460 503 1644 555 possunt.

157 587 284 628 Cuius
314 587 374 627 rei
405 586 523 628 testis
555 589 618 627 est
648 585 774 626 etiam
806 584 856 626 X.
881 588 959 625 221
986 598 1069 638 quo
1091 583 1297 638 nymphas
1318 598 1471 624 numen
1492 583 1645 624 habere

158 670 283 711 maris
314 670 426 711 alma
447 668 599 724 Cybele
630 668 816 709 iusserat.
869 667 932 708 De
964 667 1207 720 corporibus
1239 669 1377 707 autem
1399 666 1491 707 visu
1512 668 1645 707 tactu-

158 767 238 807 que
270 752 502 793 manifestis
534 751 797 793 scribendum
829 750 884 791 sit
915 764 1001 791 esse.
1023 764 1097 804 pro
1119 749 1283 790 habere.
1337 748 1426 798 Qua
1454 748 1503 789 de
1526 763 1647 790 causa

159 835 223 876 dei
254 835 378 875 modo
411 834 582 883 amicos,
613 847 791 883 amores,
823 832 990 874 delicias
1022 832 1196 881 habent,
1228 846 1310 885 qua
1343 831 1391 872 de
1424 846 1546 873 causa
1576 846 1646 873 ne-

159 917 312 958 minem
344 917 491 967 facere,
522 916 694 971 pingere
726 918 902 970 possunt
932 914 1011 956 nisi
1043 914 1151 965 deos,
1185 929 1309 968 quam
1342 915 1395 955 ob
1427 929 1514 956 rem
1536 913 1649 954 solus

159 1001 259 1042 deus
291 1001 417 1051 ducit,
448 1000 559 1055 regit
590 1000 790 1040 homines.

278 1084 460 1126 Fatum.
522 1082 615 1123 Fati
647 1081 898 1123 vocabulum
930 1081 1040 1135 apud
1072 1079 1309 1135 Vergilium
1341 1080 1493 1121 centies
1525 1078 1650 1120 vicies

159 1170 223 1208 ter
253 1166 487 1207 invenimus
518 1169 560 1207 et
590 1165 809 1220 significat.

284 1254 316 1291 1.
349 1263 500 1290 numen
534 1248 619 1289 divi
651 1251 698 1289 ut
728 1247 778 1291 Π.
813 1253 884 1289 54:

373 1335 414 1373 et
444 1331 479 1372 si
510 1330 597 1372 fata
630 1331 764 1380 deum,
796 1330 831 1370 si
862 1344 978 1370 mens
1009 1344 1092 1370 non
1123 1329 1241 1369 laeva
1272 1328 1420 1368 fuisset

372 1413 598 1468 impulerat
628 1413 739 1454 ferro
771 1412 992 1467 Argolicas
1023 1412 1190 1453 foedare
1222 1411 1404 1452 latebras

160 1498 270 1538 idem
301 1495 350 1538 Π.
387 1501 490 1544 257;
521 1495 595 1537 IV.
630 1500 732 1544 614;
764 1494 835 1536 VI.
871 1499 973 1543 376;
1005 1493 1096 1535 VII.
1131 1498 1203 1541 50;
1236 1492 1328 1535 VH.
1364 1497 1459 1534 239.

281 1585 318 1621 2.
350 1578 517 1620 oracula
547 1579 633 1620 sive
665 1578 775 1619 dicta
807 1578 976 1619 deorum
1010 1580 1056 1618 ut
1086 1575 1116 1617 I.
1151 1581 1250 1617 382:

361 1662 426 1703 bis
458 1662 572 1703 denis
604 1661 839 1716 Phrygium
871 1660 1087 1702 conscendi
1118 1659 1295 1700 navibus
1327 1673 1482 1712 aequor

362 1748 493 1787 matre
526 1745 600 1785 dea
632 1747 889 1786 monstrante
922 1743 1033 1784 viam
1065 1743 1162 1784 data
1193 1742 1281 1784 fata
1312 1744 1476 1784 secutus

162 1828 304 1870 eodem
337 1843 474 1869 sensu:
520 1827 571 1870 V.
606 1832 708 1877 656;
753 1826 802 1867 V.
840 1831 942 1875 7033
986 1824 1059 1867 VI.
1095 1831 1168 1875 45;
1206 1824 1278 1866 VI.
1314 1829 1386 1873 673
1423 1822 1516 1865 VII.
1552 1828 1653 1871 2553

163 1910 255 1953 VII.
288 1916 392 1960 2723
423 1909 516 1951 VII.
552 1914 654 1958 5843
686 1908 800 1950 VIII.
836 1913 938 1957 1333
970 1908 1019 1950 X.
1056 1912 1128 1957 67;
1159 1907 1209 1949 X.
1246 1912 1340 1949 154.

282 1999 319 2035 3.
357 1993 596 2047 imperium,
634 1992 794 2033 iussum
832 1994 879 2032 ut
910 1990 1024 2033 VIII.
1059 1995 1140 2032 292
1183 2005 1265 2044 quo
1296 1989 1498 2031 Hercules
1530 1989 1654 2030 duros

162 2077 276 2118 mille
307 2077 471 2118 labores
503 2089 602 2131 rege
643 2075 721 2116 sub
754 2075 991 2129 Eurystheo
1023 2074 1122 2115 fatis
1153 2073 1333 2114 Junonis
1364 2073 1530 2126 iniquae
1562 2086 1654 2125 per-

161 2159 273 2202 tulit.
302 2160 327 2200 i.
361 2174 392 2200 e.
424 2158 611 2212 imperiis
641 2158 764 2199 iussis
796 2157 975 2198 Junonis
1005 2156 1182 2210 iniquae.
1244 2155 1360 2198 Idem
1392 2155 1465 2197 IV.
1500 2159 1596 2197 614.

281 2242 502 2283 Praeterea
544 2241 680 2283 fatum
719 2241 876 2295 legitur
909 2240 979 2282 lX.
1005 2245 1088 2282 204
1117 2254 1191 2294 pro
1226 2239 1420 2294 periculis
1453 2237 1546 2280 XII.
1571 2242 1652 2280 507

164 2339 238 2379 pro
276 2328 409 2366 morte
454 2328 495 2366 et
525 2323 598 2366 III.
633 2329 656 2366 9
690 2338 765 2378 pro
797 2327 934 2365 vento.
997 2322 1200 2364 Omnibus
1244 2325 1384 2363 autem
1424 2321 1515 2363 aliis
1552 2321 1655 2362 locis

165 2407 299 2449 fatum
330 2407 437 2449 idem
472 2411 534 2449 est
565 2410 690 2461 atque
722 2407 905 2456 fortuna,
937 2406 1042 2456 fors,
1074 2420 1211 2456 casus,
1243 2420 1330 2446 sors
1363 2404 1550 2458 aliaeque
1582 2418 1654 2445 no-

165 2490 297 2531 tiones
329 2490 406 2532 fati
437 2490 523 2531 vim
554 2490 848 2546 significantes.

283 2572 364 2614 Fas
402 2573 585 2614 eiusdem
622 2572 772 2613 radicis
811 2586 892 2625 qua
929 2571 1063 2612 fatum
1097 2572 1137 2626 (a
1169 2570 1312 2625 fando)
1346 2574 1387 2612 et
1417 2584 1583 2611 sensum
1616 2572 1657 2610 et

168 2655 251 2696 vim
283 2655 360 2696 fati
383 2655 594 2709 perhibet:
626 2655 783 2710 legitur
806 2657 944 2695 autem
968 2653 1031 2694 fas
1053 2652 1104 2694 II.
1131 2657 1232 2702 7783
1265 2652 1336 2694 VI.
1360 2657 1462 2701 4383
1494 2651 1564 2693 IX.
1589 2657 1655 2701 96,

167 2738 259 2780 aliis
298 2741 436 2779 autem
478 2737 580 2779 locis
618 2737 770 2791 quibus
808 2737 917 2791 apud
950 2736 1188 2791 Vergilium
1225 2736 1288 2777 fas
1319 2735 1516 2778 scribitur
1546 2735 1655 2776 idem

168 2824 293 2875 atque
324 2820 388 2861 ius
420 2821 540 2862 valet.
